2752 4792
670 458 692 522 7

259 619 290 684 5.
315 621 348 686 Si
371 623 406 685 in
428 627 534 687 strato
565 624 712 703 quodam
741 622 923 691 carbones.
954 621 1105 697 cineres,
1125 640 1191 706 pu-

170 723 292 799 mices,
313 727 486 801 bitumen,
507 729 541 790 et
562 727 730 790 calcinata
761 741 903 806 corpora
932 723 1125 798 extiterint,
1153 725 1189 788 in

168 830 293 893 vicinia
308 830 403 896 fluidi
426 831 618 896 incendium
635 831 786 896 extitisse
803 837 934 897 certum
952 835 1017 904 est,
1036 831 1135 911 idque
1153 846 1193 896 eo

172 932 300 1014 magis,
322 934 350 996 si
373 935 542 1017 integrum
572 939 716 1000 stratum
738 935 809 1000 solo
844 935 971 1009 cinere,
993 939 1026 998 et
1048 936 1193 1000 carbone

171 1046 412 1121 componatur:
433 1042 533 1122 quale
553 1047 651 1107 extra
682 1042 799 1106 urbem
832 1041 976 1107 llomaru
1014 1039 1105 1115 vidi,
1126 1059 1193 1123 quo

168 1144 244 1208 loco
261 1144 405 1211 laterum
421 1146 594 1211 coctilium
614 1147 756 1211 materia
769 1146 936 1212 effoditur.

257 1247 289 1313 6.
312 1249 346 1314 Si
368 1249 404 1312 in
426 1249 542 1313 eodem
564 1250 639 1313 loco
659 1249 812 1314 omnium
845 1253 1027 1315 stratorum
1050 1249 1192 1314 materia

170 1351 287 1416 eadem
307 1354 430 1428 tuerit,
450 1359 582 1419 certum
603 1359 654 1420 est
675 1353 817 1419 tluidum
839 1354 923 1420 illud
940 1371 1008 1420 non
1022 1355 1191 1436 excepisse

172 1457 324 1523 diversae
337 1463 478 1524 naturae
495 1461 599 1526 tlnida
615 1479 634 1524 e
652 1460 793 1524 diversis
807 1461 890 1525 locis
908 1461 1123 1527 contuentia.

257 1565 291 1628 7.
314 1564 347 1631 Si
370 1567 406 1630 in
428 1567 544 1632 eodem
566 1570 642 1634 loco
663 1569 799 1634 diversa
830 1573 1014 1634 stratorum
1048 1569 1190 1634 materia

170 1670 292 1744 luerit,
313 1673 368 1737 vel
403 1672 536 1737 diverso
568 1681 716 1756 tempore
738 1692 757 1737 e
779 1674 921 1738 diversis
954 1674 1036 1738 locis
1068 1672 1192 1737 diversi

168 1779 299 1856 generis
320 1779 423 1844 tluida
445 1798 486 1844 eo
506 1781 744 1846 conduxerunt
768 1777 779 1864 l
799 1781 870 1845 sive
903 1780 1050 1845 varietas
1071 1783 1192 1843 vento-

169 1900 267 1959 rum,
288 1886 359 1950 sive
379 1886 572 1968 pluviarum
594 1889 631 1951 in
652 1888 754 1952 certis
771 1887 853 1952 locis
870 1885 1087 1969 impetuosior
1110 1904 1191 1966 pro-

168 1984 280 2067 lapsus
316 1989 352 2051 in
373 2007 476 2054 cansa
497 1989 674 2076 tuerint),
705 1991 758 2056 vel
786 1990 822 2054 in
854 1990 971 2056 eodem
1004 1989 1188 2054 sedimento

169 2092 320 2157 diversae
337 2096 514 2176 gravitatis
526 2098 669 2162 materia
687 2097 767 2172 init,
778 2098 826 2162 ita
840 2102 880 2162 nt
896 2099 1054 2179 graviora
1071 2097 1191 2179 primo,

169 2212 249 2260 mox
267 2198 396 2263 leviora
409 2199 551 2265 tundnm
564 2201 735 2282 petierint;
749 2201 807 2266 cui
821 2199 977 2266 varietati
995 2198 1193 2264 vicissitudo

168 2305 404 2383 tempestatum
425 2303 637 2368 occasionem
654 2304 813 2386 praebere
826 2302 993 2386 potuerit,
1014 2303 1192 2385 praecipue

171 2404 205 2466 in
230 2403 333 2480 locis,
363 2406 421 2469 nbi
451 2407 600 2473 solorum
627 2407 778 2490 aequalis
805 2406 1029 2489 inaequalitas
1054 2404 1191 2486 conspi-

170 2508 260 2572 citur
283 2506 345 2593 (l).
862 2532 865 2537 ·

258 2610 291 2676 8.
314 2613 585 2682 subterstrata
619 2624 727 2683 terrae
757 2615 923 2696 quaedam
954 2631 1056 2679 saxea
1082 2616 1186 2676 strata

169 2720 390 2798 reperiuntur,
399 2728 530 2788 certum
544 2730 595 2788 est
606 2725 659 2788 vel
670 2723 820 2787 extitisse
831 2723 867 2785 in
877 2721 1003 2787 vicinia
1018 2719 1113 2784 istius
1124 2719 1189 2783 loci

167 2822 292 2888 fontem
314 2843 477 2906 aquarum
494 2829 777 2909 purificandum,
799 2828 853 2891 vel
874 2825 1053 2907 contigisse
1081 2826 1187 2888 inter·

167 2927 248 2991 dnm
269 2929 436 2994 balitnnm
457 2933 751 2998 subterraneorum
779 2932 989 3013 eruptiones,
1008 2930 1064 2995 vel
1085 2944 1109 2992 a
1130 2927 1189 2990 de-

166 3033 274 3112 posito
289 3034 473 3100 sedimento
487 3036 643 3101 recedens
660 3036 817 3111 tluidum,
833 3037 892 3101 ubi
907 3035 1057 3117 superior
1072 3035 1188 3096 crusta

165 3140 277 3203 calore
296 3140 381 3205 Solis
395 3142 603 3218 induruerit,
627 3145 750 3209 iterum
768 3142 915 3206 rediisse.
1089 3140 1093 3145 ’

256 3245 302 3310 be
330 3247 405 3311 loco
425 3250 604 3312 stratorum
637 3246 808 3327 sequentia
839 3246 940 3310 certis
970 3241 1186 3308 annumerari

167 3354 334 3429 poterunt.

258 3453 287 3517 1.
310 3455 385 3533 Quo
404 3464 551 3540 tempore
580 3459 787 3523 formabatur
819 3456 989 3538 quodlibet
1022 3459 1187 3527 stratum,
1299 3450 1302 3457 “

165 3559 230 3626 tuit
251 3563 312 3625 sub
335 3563 452 3628 eodem
474 3570 579 3630 strato
615 3565 707 3629 aliud
741 3581 883 3646 corpus,
916 3562 1005 3644 quod
1026 3559 1186 3624 materiae

166 3663 419 3744 pulverulentae
432 3667 627 3732 ulteriorem
642 3668 836 3732 descensum
852 3665 1067 3747 impediebat,
1084 3663 1186 3727 adeo-

168 3786 232 3848 que
253 3788 320 3850 quo
341 3777 488 3853 tempore
506 3774 712 3838 formabatur
728 3778 910 3838 stratorum
929 3769 1106 3843 intimum,
1124 3769 1187 3834 tuit

249 4041 286 4104 lt)
304 4042 378 4093 llaec
395 4042 463 4094 ratio
478 4042 631 4105 explicandi
646 4043 777 4104 originem
794 4041 941 4093 stratorum
964 4051 980 4090 e
1001 4039 1107 4091 diversa
1132 4045 1186 4086 nra-

171 4129 238 4180 teria
254 4131 479 4194 cauponiorum,
498 4131 592 4193 utpote
608 4143 677 4184 nova
693 4143 708 4183 a
725 4130 885 4193 quibusdam
912 4127 1046 4180 bodlernls
1071 4123 1189 4188 reoloqls

170 4217 273 4277 prolata
297 4217 354 4269 lull.

935 4304 951 4353 2
