2752 4792
666 434 709 500 16

180 598 303 668 tatum,
327 611 412 676 quae
434 612 549 659 omnes
562 598 660 661 circa
683 598 874 679 superficies
891 594 1062 682 haerent),
1080 613 1100 659 a
1121 588 1205 658 ve'r-

181 699 296 764 mibus}
310 709 410 768 erunt
431 722 569 780 ermae,
590 722 669 768 cum
686 709 719 767 et
737 703 928 785 superficies
943 702 1100 767 caritatis
1115 701 1203 766 illud

180 807 338 883 suadeat,
359 815 392 874 et
413 811 449 874 in
469 813 586 876 multis
605 810 809 876 cavitatibus
831 813 999 891 repertum
1015 814 1143 889 corpus·
1156 825 1202 870 en

178 912 356 978 filamentis
377 918 594 982 crassioribus
615 917 979 1006 contextumevinc‘at,
1012 915 1102 997 quod
1136 914 1202 995 ipsi

178 1016 339 1092 cavitati,
360 1021 612 1101 magnitudine,
633 1027 668 1085 ct
691 1022 800 1102 ligura
822 1021 1006 1101 respondet.
1023 1017 1120 1085 Certe
1138 1035 1204 1080 nec

180 1122 365 1198 aconcbis,
382 1142 443 1188 nec
465 1126 720 1192 circa-conchas
734 1103 842 1191 laetae
860 1131 953 1199 sunt,
970 1131 1050 1189 cum
1068 1122 1208 1204 organis

179 1228 222 1290 ad
240 1228 424 1316 rodendum
442 1232 666 1298 destituantur
688 1231 722 1297 id
745 1233 878 1315 generis
894 1237 1057 1304 testacea,
1072 1246 1132 1292 nec
1151 1233 1204 1291 te-

180 1335 307 1396 starum
329 1330 457 1414 figurae
486 1336 559 1399 ulla
592 1337 722 1402 cavitas
744 1337 951 1417 respondeat.
978 1335 1046 1401 Nec
1076 1333 1204 1397 mirum

179 1439 230 1497 est
239 1429 485 1518 marienposita
496 1456 580 1505 saxa
590 1441 848 1522 conchyliorum·
857 1440 931 1503 ovis
941 1457 967 1502 -a
981 1436 1070 1502 mari
1085 1435 1207 1517 expul-

181 1538 225 1625 sis
247 1537 494 1622 receptaculum
516 1548 673 1626 praebere
695 1547 730 1610 in
758 1546 857 1609 dictis
883 1544 1105 1620 cavitatibus,
1125 1557 1206 1606 cum

178 1657 294 1704 earum
315 1626 444 1709 nullam
462 1647 623 1714 hactenns
639 1649 781 1712 viderim
800 1647 976 1711 manilesto
989 1646 1083 1709 exitu
1101 1643 1210 1720 desti·

177 1748 414 1826 tutam-Quod
436 1753 463 1817 si
485 1756 561 1836 quis
577 1756 698 1819 dixerit
718 1774 742 1819 u
760 1771 860 1820 succo
877 1753 1100 1834 lapidescente
1112 1752 1204 1815 circa

179 1859 270 1918 certa
292 1874 431 1939 corpora
449 1867 605 1926 concreto
619 1862 782 1926 cavitates
799 1862 874 1925 illas
891 1859 1072 1941 productas
1088 1856 1207 1932 luisse,

179 1961 343 2039 quaedam
364 1964 528 2030 cavitates
558 1967 675 2030 eadem
708 1962 1018 2044 materia‘undique
1041 1961 1208 2027 obductae

164 2052 305 2146 vabsque
325 2069 412 2133 ostio
434 2073 651 2152 reperiundae
675 2071 823 2136 subserit.

269 2168 301 2231 t.
335 2171 468 2236 Tectam
504 2175 648 2239 interius
665 2191 708 2237 ex
741 2181 836 2256 parte
858 2175 1113 2252 consumptam,
1136 2167 1208 2232 -ubi

182 2274 300 2337 adesac
322 2277 527 2363 substantiae
549 2279 715 2343 iacturam
738 2282 852 2343 crusta
870 2290 1059 2340 marmorea
1074 2271 1210 2354 supple-

178 2376 248 2450 vit,
266 2377 373 2442 variis
392 2380 523 2445 balanis
540 2386 649 2456 tecta;
666 2386 704 2446 ut
729 2381 876 2462 adeoque
893 2384 986 2442 certo
1008 2373 1207 2439 concludere

181 2482 295 2559 liceat,
318 2482 339 2548 a
360 2487 446 2550 mari
469 2484 619 2551 relictam
635 2488 677 2552 in
700 2486 798 2552 terris
819 2491 961 2557 testam,
994 2480 1140 2544 secundo
1171 2479 1207 2542 in

183 2591 271 2653 mari
292 2591 522 2672 deportatam,
544 2594 665 2660 iterum
680 2611 769 2658 novo
784 2592 967 2656 sedimento
985 2588 1158 2663 obrutam,
1174 2591 1209 2650 et

185 2714 205 2758 a
223 2698 309 2761 mari
325 2698 519 2764 derelictam
533 2701 644 2765 fuisse.

248 2843 249 2846 κ
275 2800 306 2862 5.
328 2798 401 2865 Ova
433 2804 673 2878 minutissima,
701 2810 733 2867 et
767 2804 916 2868 turbines
936 2800 996 2863 vix
1017 2799 1082 2861 nisi
1103 2796 1210 2862 oculis

187 2902 406 2985 microscopio
427 2908 566 2971 armatis
590 2907 828 2989 conspiciendi.

276 3004 308 3068 6.
334 3006 499 3084 Pectines,
527 3011 690 3086 turbines,
727 3016 760 3074 et
786 3010 935 3074 conchas
957 3006 1112 3070 bivalvas
1141 3022 1209 3069 non

188 3112 347 3191 crystallo
364 3120 490 3192 tectas,
507 3117 565 3180 sed
582 3122 653 3181 tota
667 3117 853 3181 substantia
871 3112 1095 3194 crystallinas.

276 3217 307 3280 7.
328 3219 500 3286 Vermium
518 3224 725 3288 marinorum
743 3224 879 3288 tubulos
894 3221 1019 3285 varios.

442 3434 496 3499 Vl.
518 3435 610 3500 Atiae
626 3447 734 3519 partes
758 3435 958 3500 animalium.

284 3642 380 3720 Quod
401 3647 442 3709 de
463 3649 556 3714 testis
577 3628 704 3713 dictu'm
725 3655 789 3721 est,
806 3648 893 3710 idem
904 3646 950 3708 ‘de
965 3645 1040 3708 aliis
1061 3640 1210 3723 partibus

195 3752 406 3830 animalium,
415 3755 559 3838 ipsisque
569 3756 769 3820 animalibus
779 3761 868 3820 terra
881 3752 1010 3816 obrutis
1018 3745 1212 3822 dicandum,

197 3875 367 3938 equorum
379 3878 518 3927 numero
532 3869 609 3926 sunt
623 3863 738 3925 dentes
754 3877 875 3924 canum
894 3858 1116 3929 marinorum,
1130 3850 1213 3915 den-

197 3969 247 4026 tes
266 3964 365 4046 piscis
385 3968 529 4048 aquilae,
550 3953 722 4032 vertebrae
756 3966 912 4048 piscium,
944 3961 1053 4026 omnis
1084 3957 1213 4041 generis

199 4066 307 4147 pisces
325 4069 466 4154 integri,
485 4070 615 4146 crania,
632 4088 774 4144 cornua,
792 4069 920 4141 dentes,
936 4067 1077 4138 femora,
1095 4066 1128 4126 et
1145 4059 1213 4124 alia

199 4189 274 4239 ossa
284 4176 480 4244 animalium
490 4176 710 4251 terrestrium,
724 4171 991 4256 quandoquidem
1005 4162 1215 4234 haecomnia
