2752 4792
672 432 712 503 19

174 602 408 685 antiquissima
431 604 657 682 superstructa
687 606 757 675 est,
789 617 833 663 aa
866 599 970 684 maris
999 591 1194 667 mamantis

173 709 307 789 exurgit
323 708 385 771 sibi
405 705 551 770 invicem
575 704 758 786 impositis,
777 708 810 767 et
826 703 992 767 horizonti
1011 700 1193 783 parallelis,

173 814 354 878 ubimulta
370 817 476 876 strata
490 828 557 875 non
576 809 709 892 lapidea
721 809 811 874 veris
827 808 988 884 conchis,
1011 812 1045 872 et
1062 805 1191 871 nullam

66 989 68 994 ,
173 919 311 983 omnino
326 917 546 984 mutationem
562 914 668 997 passis
684 913 872 989 abundant3
886 919 927 990 ut
939 913 1089 994 adeoque
1102 915 1194 977 certo

167 1021 396 1104 'pronunciare
417 1021 539 1095 liceat,
563 1035 647 1100 quas
668 1017 765 1082 hodie
787 1017 864 1080 inde
887 1014 1112 1095 extraximus,
1126 1029 1194 1077 non

174 1127 371 1190 immutatas
400 1124 546 1199 oonohas
568 1125 610 1187 ab
631 1122 709 1186 hino
731 1121 897 1189 termille
919 1121 1038 1196 annis,
1064 1125 1099 1185 et
1119 1135 1195 1183 am·

173 1230 260 1310 plius
292 1227 472 1310 productas
505 1227 616 1292 tuisse.
650 1226 702 1288 Ab
727 1225 812 1290 Urbe
845 1223 981 1290 modim
1012 1224 1058 1287 ad
1078 1228 1196 1289 nostra

174 1349 280 1412 usque
301 1337 453 1412 tempora
481 1339 697 1394 numeramus
722 1327 781 1398 nis
813 1325 905 1390 mille
936 1325 1197 1407 quadringentos

174 1419 295 1521 viginti
317 1456 445 1512 annos,
467 1443 500 1502 et
522 1434 783 1519 quodexoedit3
806 1433 928 1514 etquis
944 1449 1012 1497 non
1028 1431 1196 1514 ,largietur

175 1547 272 1626 plura
287 1545 421 1609 saeoula
434 1541 615 1615 effluxisse,
629 1559 673 1606 ex
687 1558 754 1623 quo
768 1540 870 1622 primi
884 1540 1036 1604 homines
1048 1556 1090 1604 eo
1104 1539 1198 1604 sedes

175 1667 252 1715 suas
266 1651 526 1723 transtulerunt,
545 1662 650 1728 usquo
669 1646 749 1711 dum
767 1646 803 1709 in
821 1645 915 1710 illam
932 1645 1198 1727 magnitudinem

174 1756 378 1831 excreverit,
398 1773 465 1837 qua
486 1755 622 1836 vigebat
645 1759 792 1835 tempore
812 1751 969 1818 conditae
989 1752 1103 1819 urbis?
1121 1753 1199 1834 qui·-

176 1862 238 1926 bus
259 1861 381 1925 seoulis
397 1859 424 1922 si
440 1859 523 1924 illud
541 1865 672 1940 tempus
690 1856 966 1932 adiunxerimus,
985 1858 1075 1938 quod
1093 1858 1199 1922 inter·

176 1967 275 2032 aessit
298 1982 318 2030 a
341 1967 431 2030 iaoto
452 1966 561 2048 primo
584 1964 767 2029 sedimento
799 1960 901 2028 Collis
923 1963 1133 2029 Volaterrani
1156 1962 1199 2028 ad

176 2070 331 2134 relrotum
349 2087 370 2133 a
392 2069 478 2134 marl
500 2067 654 2132 eumdem
678 2064 826 2141 Gallam,
865 2066 1137 2147 confluentesque
1158 2083 1199 2130 eo

176 2176 405 2257 alienigenas,
438 2174 535 2244 laoile
573 2173 616 2236 ad
657 2172 777 2237 diluvii
811 2172 1013 2237 universalia
1048 2178 1200 2254 tempora

176 2280 428 2346 adscendamus.

268 2384 396 2449 Eadem
418 2384 576 2448 historiae
599 2382 785 2448 authoritas
815 2384 969 2448 dubitare
998 2389 1113 2458 vetat,
1132 2400 1200 2464 quo

178 2492 290 2557 minus
312 2489 532 2572 praegrandia
554 2489 613 2553 illa
634 2504 728 2564 ossa,
750 2506 837 2570 quaa
858 2506 901 2552 ex
931 2489 1020 2571 agris
1042 2489 1200 2554 aretino·

103 2640 107 2645 -
177 2615 254 2663 rum
276 2602 461 2671 eruuntur,
485 2597 576 2661 mille
597 2600 842 2677 nongentorum
862 2611 1027 2660 annornm
1049 2595 1200 2659 saevitiei

180 2701 383 2774 restiterint;
405 2704 535 2764 certum
558 2700 648 2763 enim
671 2704 736 2773 est,
760 2697 789 2761 1.
815 2697 939 2764 Grauia
960 2699 1200 2772 iumentorum,

178 2824 266 2887 quae
288 2807 334 2868 ibi
357 2806 589 2887 reperiuntur,
613 2823 680 2870 non
701 2821 771 2868 esse
786 2805 949 2872 exuuias
967 2806 1051 2871 caeli
1070 2806 1202 2870 anima·

179 2913 286 2987 libus,
310 2911 396 2976 siout
418 2928 525 2992 neque
548 2913 674 2977 femora
697 2911 756 2976 illa
790 2913 959 2993 ingentia,
981 2918 1014 2977 et
1046 2913 1202 2994 praelon-

178 3036 238 3100 gae
261 3018 439 3099 scapulae,
461 3036 548 3100 quae
563 3018 685 3082 ibidem
706 3018 928 3099 reperiuntur.
950 3019 982 3082 2.
1000 3017 1139 3085 Certum
1153 3025 1203 3083 est

178 3124 348 3188 transiisse
372 3124 449 3188 illac
470 3123 692 3197 Annibalem,
712 3127 892 3205 antequam
907 3125 950 3188 ad
965 3125 1077 3190 lanum
1091 3126 1203 3188 Trasi-

179 3250 315 3296 menum
332 3250 410 3297 oum
430 3231 590 3295 Romanis
606 3231 809 3314 confligeret.
822 3214 860 3298 ‘3.
880 3231 1016 3299 Certum
1035 3235 1204 3309 asmenti—

180 3337 257 3401 tisse
275 3325 316 3400 in
331 3336 434 3418 ipsius
447 3337 597 3403 exereitu
613 3338 762 3402 iumenta
779 3338 938 3403 Africana
949 3342 1008 3414 ,et
1021 3338 1203 3403 immensae

181 3440 420 3522 magnitudinis
457 3440 657 3523 Elephantes
690 3443 883 3523 turrigeros.
919 3442 952 3505 l.
973 3442 1111 3509 Cenum
1135 3449 1204 3517 est,

179 3548 259 3613 dnm
283 3565 302 3610 a
325 3546 494 3612 montibus
515 3547 688 3613 Fesulanis
709 3549 948 3624 descenderet,
970 3550 1076 3614 nimia
1099 3565 1204 3632 aqua-
1245 3608 1249 3615 .

180 3666 255 3715 rum
271 3650 395 3715 alluvie
410 3649 545 3731 periisse
558 3651 594 3714 in
609 3651 691 3715 loeis
705 3652 874 3731 paludosis
891 3669 1051 3735 maguam
1072 3659 1203 3736 partem

75 3844 78 3847 ¹
180 3754 376 3819 animalium
391 3754 546 3819 oneribus
564 3755 722 3818 vehendis
737 3755 990 3824 destinatorum.
1011 3757 1043 3822 5.
1067 3757 1204 3824 Certum

180 3864 229 3924 est
246 3859 373 3932 locum,
387 3857 484 3935 ,unde
502 3865 666 3927 eruuntur
686 3860 776 3927 diota
798 3878 889 3937 ossa,
912 3881 953 3927 ex
973 3862 1077 3928 variis
1091 3863 1205 3929 stratis

182 3969 376 4047 congestum
399 3979 490 4040 esse,
513 3983 600 4047 quae
619 3966 717 4047 plena
752 3971 829 4031 sunt
846 3967 938 4032 saxis
961 3983 982 4031 a
1003 3967 1206 4049 oiroumsitis

181 4069 350 4134 montibus
380 4071 581 4135 torrentium
614 4071 740 4155 impetn
775 4072 963 4147 devolutis;
996 4078 1034 4139 ut
1057 4072 1205 4154 adeoque

182 4175 319 4240 cuilibet
341 4176 425 4251 looi,
449 4181 481 4241 et
504 4176 628 4242 ossium
652 4183 810 4243 naturam
833 4197 911 4247 oum
932 4179 1073 4244 historia
1090 4179 1206 4243 oonte-
1283 4209 1285 4212 >
