2752 4792
670 426 711 492 14

183 594 379 670 minoralia,
400 609 487 676 quae
509 608 667 656 saxorum
689 592 817 674 spatia,
841 592 894 656 vel
916 593 1017 669 lissa,
1042 591 1095 657 vei
1113 591 1200 657 ‹lila-

182 692 255 764 tata
286 698 434 782 suriant,
465 714 526 779 pro
556 698 698 762 materia
733 697 887 765 munisse
918 716 969 763 ex-
996 696 1076 785 ipsis
1109 699 1199 764 saxis

184 800 361 882 expulsum
377 802 552 882 vaporem,
566 799 636 864 sive
651 799 686 863 id
702 800 881 882 eontigerit
902 806 1083 883 antequam
1096 806 1201 867 strata

183 902 287 968 situm
299 906 484 977 mutarent,
495 901 635 984 quodin
651 900 820 984 montibus
834 901 1031 967 Peruvianis
1048 903 1200 988 evenisse

181 1008 395 1086 crediderim
416 1009 487 1075 sive
504 1008 566 1074 ubi
586 1008 656 1073 inm
672 1013 747 1075 tum
765 1009 867 1077 situm
882 1013 987 1075 strata
1000 1015 1200 1084 mutassent:

184 1110 333 1194 adeoque
353 1128 447 1195 posse
464 1112 500 1175 in
517 1111 672 1178 exhausti
685 1111 813 1177 metalli
828 1111 965 1189 losum,
989 1128 1116 1178 novum
1129 1129 1202 1177 me-

181 1218 303 1282 tallum
334 1217 544 1281 subcrescere
567 1211 638 1301 (1);
663 1215 817 1297 quotide
844 1216 973 1285 minero
1000 1217 1084 1293 ‘ierri
1112 1219 1202 1299 apud

183 1321 327 1387 linenses
340 1320 489 1387 omditur
499 1320 610 1402 potius
622 1365 630 1396 ,
640 1338 742 1401 quam
754 1320 869 1395 seitur,
884 1339 964 1386 eum
980 1321 1202 1405 instrumenta

180 1425 367 1502 fossorum
388 1428 423 1490 et
441 1425 534 1490 idola
566 1424 612 1505 ibi
633 1431 787 1506 reperta,
809 1441 876 1490 non
898 1414 1007 1500 ferro,
1028 1425 1086 1490 sed
1113 1431 1202 1490 terra

180 1531 390 1597 circumdata
411 1528 546 1596 luerint.
729 1599 732 1602 ,

268 1638 377 1719 Atque
399 1638 481 1703 liaeo
496 1637 537 1700 de
552 1641 660 1701 terrae
675 1635 790 1700 stratis
803 1634 962 1699 attentius
976 1635 1199 1701 examinanda

90 1827 92 1829 ,
184 1744 364 1810 induaris

470 1958 509 2021 V.
537 1953 646 2019 Testue
669 1953 913 2035 temeptipsum.

268 2167 361 2245 Quae
375 2172 480 2232 testae
497 2167 596 2231 terris
617 2167 756 2232 obrutae
774 2165 899 2240 latent,
927 2165 969 2228 aii
994 2166 1061 2231 tria
1081 2184 1202 2260 genera

180 2271 399 2337 moueantur.
1158 2348 1162 2352 .

219 2418 221 2422 -
268 2376 418 2442 Primum
432 2392 536 2457 genus
557 2392 674 2440 earum
696 2379 766 2451 est,
793 2391 880 2455 quae
902 2373 1003 2439 modo
1028 2375 1201 2456 descriptis

179 2476 405 2563 (virentibus)
429 2479 513 2543 adeo
534 2477 659 2543 similes
679 2482 757 2543 sunt
791 2481 829 2541 ut
860 2494 964 2543 ovum
991 2495 1098 2542 ovo...
1133 2477 1201 2541 llas

177 2591 279 2650 tostas
299 2585 496 2650 animalium
516 2584 686 2666 qnondam
707 2585 742 2648 in
762 2581 866 2648 tluido
882 2583 1069 2649 viventium
1089 2589 1200 2664 partes

176 2691 341 2766 extitisse,
355 2691 458 2756 etiam
475 2689 503 2753 si
516 2693 663 2754 testacea
680 2687 811 2754 marina
829 2704 1010 2768 numquam
1027 2689 1100 2754 visa
1115 2689 1198 2754 iuis-
1306 2743 1309 2747 ,

177 2800 265 2871 sent,
279 2795 383 2878 ipsius
396 2800 500 2860 testae
522 2795 744 2859 oonsideratio
765 2793 981 2859 demonstrat.

266 2900 455 2967 Securum
477 2918 582 2984 genus
602 2917 721 2967 earum
735 2903 897 2965 testarum
911 2907 976 2975 est,
996 2919 1082 2982 quae
1100 2901 1199 2965 modo

175 3005 350 3088 descriptis
369 3012 504 3072 oaetoro
521 3005 666 3079 similes,
687 3003 757 3077 solo
778 3003 910 3078 oolore,
932 3009 965 3067 et
987 3004 1131 3086 pondere
1153 3005 1196 3068 ab

176 3111 244 3176 illis
265 3111 435 3187 differ-unu
458 3112 540 3177 dum
555 3109 721 3192 quaedam
735 3108 876 3173 leviores
889 3109 992 3185 iusto,
1007 3110 1094 3174 aliae
1108 3111 1196 3175 iusto

174 3218 345 3297 graviores
377 3216 689 3298 deprehenduntur,
722 3215 811 3297 quod
851 3215 887 3278 hi
919 3233 1017 3298 poros
1049 3217 1202 3283 habeant

175 3338 275 3386 suono
296 3321 441 3386 asoititio
458 3323 614 3402 repletos,
631 3320 765 3384 illarum
782 3319 855 3401 pori
869 3320 1034 3385 leviorum
1049 3321 1195 3402 partium

174 3427 370 3509 expulsione
392 3426 543 3508 ampliati
558 3427 645 3500 sint,
667 3426 707 3489 de
728 3425 849 3506 quibus
871 3425 954 3489 nihil
972 3427 1116 3508 amplius
1137 3443 1195 3490 su-

175 3533 320 3614 biungo,
340 3532 432 3613 quod
453 3531 547 3596 aliuil
566 3532 651 3595 nihil
672 3532 759 3607 sint,
777 3531 843 3595 nisi
858 3535 961 3595 testae
979 3531 1194 3606 animalium,

174 3637 228 3698 vel
244 3635 459 3717 petrelaotae,
477 3635 531 3700 vel
549 3635 746 3699 ealoinatae.

227 3996 230 4001 ,
255 3947 294 4004 (l)
312 3945 355 3996 Ex
371 3945 411 3997 iris
427 3944 652 4009 propositionibus
667 3945 819 4013 colligitur,
836 3946 989 4004 opinionem
1011 3946 1190 4007 quorumdam

174 4023 343 4083 physicorum
354 4024 460 4076 nostrae
470 4021 569 4075 aetatis
579 4022 650 4073 eirea
662 4032 793 4074 venarum
806 4022 999 4073 metaliioarum
1012 4023 1189 4082 repletionem

174 4099 208 4148 ab
219 4100 325 4153 notione
337 4102 435 4152 virium
445 4098 740 4153 eleotroolremioarum
749 4099 897 4161 causatum,
908 4111 923 4149 a
934 4099 1052 4150 stenone
1060 4099 1117 4159 lam
1125 4099 1190 4151 oiim

175 4175 356 4237 pmedieatnm
375 4179 465 4230 luisse.
