2752 4792
690 437 711 505 t

192 609 298 697 geret
314 609 427 698 atque
444 603 657 679 illustraret.
675 602 953 694 Doctrinarum,
975 620 1072 698 quae
1095 599 1132 673 iu
1154 620 1200 675 eo

188 723 312 800 libello
329 727 517 821 expositae
535 734 640 820 sunt,
658 727 754 812 aliae
771 727 818 801 ad
835 726 1068 802 mineralium
1082 746 1200 820 augu-

189 844 349 921 latorum
365 867 430 922 seu
449 848 707 945 crystallorum
721 841 921 944 originem,
939 849 1035 924 aliae
1053 847 1100 923 ad
1118 867 1201 923 cor-

187 969 279 1047 ticis·
294 970 447 1046 Telluris
464 979 690 1046 structuram
711 971 993 1067 explanandam,
1018 977 1196 1066 spectant.

190 1094 352 1182 Quarum
392 1099 601 1188 postremae
633 1092 818 1168 doctrinas
851 1092 1062 1190 geologicas
1093 1092 1201 1167 hodie

192 1218 306 1315 vulgo
323 1217 552 1313 praedicatas
569 1218 688 1292 multo
706 1223 871 1312 tempore
890 1235 1134 1312 praecessere.
1158 1216 1203 1290 Et

191 1340 364 1435 quoniam
383 1338 522 1414 habent
539 1358 605 1415 sua
621 1339 698 1413 fata
715 1338 827 1414 libelli
836 1393 847 1431 ,
865 1339 1034 1414 Stenonis
1051 1359 1204 1433 opuscu-

194 1465 282 1554 lum,
299 1471 337 1538 et
354 1461 438 1538 inde
455 1460 793 1537 animadversiones
810 1461 909 1556 circa
925 1462 1078 1537 Telluris
1093 1461 1204 1536 labri·

190 1604 297 1676 cam,
319 1587 430 1682 longa
457 1583 643 1660 oblivione
659 1584 815 1659 obrutae
832 1604 1055 1662 remansere.
1079 1585 1205 1661 Donec

192 1709 293 1784 hisce
310 1709 535 1804 temporibus
555 1730 579 1783 a
600 1709 689 1783 viris
721 1708 894 1799 summis,
921 1717 960 1784 et
984 1708 1201 1805 praesertim

191 1855 212 1908 a
231 1818 480 1908 laudatissimo
505 1832 739 1909 Humboldtio
764 1831 812 1927 (1)
827 1888 837 1924 ,
855 1831 902 1907 ad
920 1851 1056 1908 novam
1077 1833 1198 1908 lucem

192 1958 356 2052 proditae
374 1956 489 2048 inere,
503 1956 601 2033 etad
618 1955 820 2031 maximum
837 1957 1016 2031 honorem
1031 1964 1204 2044 evectam

192 2082 242 2154 ita
267 2088 309 2156 ut
334 2100 408 2154 non
433 2080 539 2155 iacile
561 2079 674 2156 statui
693 2087 812 2175 potest
829 2079 948 2177 magis
965 2100 1012 2155 ne
1027 2086 1201 2154 anatome

191 2203 408 2280 excelluerit
432 2205 545 2279 Steno
569 2223 620 2278 an
646 2204 828 2300 geologia.
854 2204 998 2277 Interea
1021 2201 1202 2298 Geologo-

194 2329 277 2401 rnm
304 2348 448 2424 magua
478 2347 570 2422 pars,
593 2325 874 2423 praeclarissimi
909 2326 1108 2402 anatomici
1138 2315 1204 2400 do-

195 2452 333 2526 ctrinas
358 2470 432 2525 non
457 2451 563 2526 aliter
585 2471 699 2546 quam
725 2451 868 2526 incerto
892 2470 1039 2527 rumore
1065 2470 1203 2547 cogno

194 2583 301 2650 scunt
316 2629 325 2664 ,
343 2613 345 2616 >
364 2583 555 2669 propterea
580 2574 677 2669 quod
710 2574 923 2668 opusculum
949 2574 987 2647 iu
1012 2593 1086 2669 qno
1118 2580 1203 2648 sunt

195 2699 281 2773 illae
306 2697 512 2775 declaratae
526 2753 536 2789 ,
550 2699 630 2793 jam
660 2704 843 2773 uetustate
869 2716 1016 2788 rarum,
1043 2706 1128 2770 raro
1145 2707 1208 2797 oc·>

195 2821 316 2896 currit¹
337 2841 425 2916 prae
451 2820 630 2894 manibus.
661 2822 751 2895 Rem
786 2819 872 2895 inde
904 2819 1002 2896 haud
1037 2819 1204 2894 inutilem

194 2943 317 3018 facere
333 2942 428 3017 'duxi
444 2963 467 3016 e
482 2943 706 3017 Stenoniaua
718 2940 976 3017 dissertatione
994 2940 1206 3039 geologicas

196 3066 346 3140 haurire
361 3065 570 3157 doctrinas,
588 3072 625 3139 et
642 3064 689 3139 ab
705 3065 785 3139 aliis
807 3064 1025 3161 excogitatis
1042 3065 1207 3162 ejusdem

197 3190 356 3266 auctoris
393 3188 590 3284 disjunctas
628 3189 665 3261 in
701 3190 835 3286 vulgus
872 3190 1129 3284 reproducere.
1168 3191 1206 3265 Si

197 3315 295 3390 bono
320 3303 485 3388 consului
518 3312 669 3387 rideant
701 3312 764 3407 qul
796 3312 945 3389 italicae
979 3313 1120 3409 gloriae
1154 3314 1205 3388 t·

67 3440 94 3463 *
195 3457 288 3533 κνειτθ
313 3434 459 3510 student
484 3433 496 3528 (
521 3433 542 3527 ).

293 3681 328 3740 (t)
346 3680 413 3732 Vide
429 3691 509 3732 snum
525 3692 606 3742 opus:
630 3682 710 3732 derat
724 3647 903 3744 proponensque
917 3682 1003 3732 sorta
1024 3679 1150 3743 piscmcnt
1169 3680 1213 3730 des

197 3768 288 3817 noctes·
309 3768 376 3817 dous
398 3768 433 3816 les
456 3767 526 3817 dene
549 3765 738 3830 Htmupntres.
761 3768 854 3830 Paris,
878 3765 970 3830 1826,
995 3777 1055 3829 pag.
1073 3768 1108 3819 37
1124 3778 1141 3817 e
1157 3765 1212 3817 229

251 3887 257 3901 ⁴
269 3857 297 3906 θ.
439 3861 451 3871 ,
491 3875 493 3880 ,
779 3863 781 3866 ,

198 3867 213 3906 a
232 3856 267 3907 23
291 3941 329 4004 (2)
343 3914 450 3994 Gratias
464 3943 507 3993 nte
522 3942 806 4004 quamplurimarum
816 3951 878 3992 meo
887 3940 1050 3993 amicissimo
1066 3941 1209 3992 Emanuelt

198 4032 341 4095 neporus,
356 4028 433 4092 cutus
443 4032 606 4094 *beulgnltstt
621 4029 775 4092 exemplum
792 4027 948 4084 Stenonlanl
959 4028 1077 4090 opusculi
1094 4028 1188 4081 debeo.
1232 4088 1235 4090 ,
