2752 4792
671 435 712 499 17

168 602 260 666 reris
283 600 481 665 animalium
503 600 670 681 partibus,
686 601 741 663 vel
756 600 893 664 omnino
908 599 1030 664 similia
1046 599 1129 676 sint,
1148 601 1202 664 vel

176 708 247 772 solo
268 707 435 789 pondere,
457 694 490 770 ct
512 706 623 770 colore
643 705 771 769 abillis
792 704 960 780 differant,
979 706 1054 781 vel,
1072 712 1202 789 praeter

173 813 279 876 solam
301 813 445 894 liguram
468 816 663 884 externam,
695 827 772 874 cum
807 810 874 874 illis
892 811 992 882 ,nibil
1026 829 1203 877 commune

175 917 330 981 babeant.
877 903 878 907 ’

265 1019 422 1102 Magnam
444 1018 675 1084 difficultatem
698 1025 811 1085 movet
832 1019 1027 1084 innumerus
1050 1019 1106 1082 ille
1139 1037 1205 1083 nu-

176 1142 288 1190 mems
310 1125 481 1200 dentium,
502 1125 560 1206 qui
582 1125 720 1207 singulis
736 1124 833 1189 annis
846 1142 888 1187 ex
907 1125 1017 1194 insula
1035 1123 1200 1189 Melitensi

175 1235 409 1312 exportantur3
431 1247 509 1295 cum
530 1229 591 1293 vix
611 1230 710 1294 navis
730 1230 802 1294 ulla
835 1248 875 1293 eo
903 1229 1088 1311 appulerit,
1120 1229 1201 1311 quin

176 1332 266 1398 illius
288 1332 442 1398 miraculi
471 1333 637 1414 quaedam
666 1333 792 1397 indicia
815 1351 927 1398 secum
958 1334 1106 1399 revehat.
1138 1332 1202 1398 Sed

177 1437 255 1502 buic
279 1455 340 1520 ego
361 1435 552 1501 difficultati
574 1437 677 1500 aliam
695 1438 942 1518 responsionem
961 1454 1029 1500 non
1052 1436 1203 1510 invenio,

175 1525 295 1625 quam,
319 1542 349 1606 1.
371 1541 467 1619 Quod
486 1543 630 1625 singulis
653 1541 799 1607 Canibus
822 1542 991 1616 sexcenti,
1024 1545 1057 1604 et
1091 1541 1202 1622 plures

177 1650 291 1714 dentes
312 1642 398 1743 sint,
420 1654 454 1712 et
476 1655 546 1715 toto
568 1653 716 1730 tempore
740 1648 819 1712 dum
834 1648 969 1722 vivunt,
989 1647 1069 1711 novi
1085 1646 1200 1711 dentes

175 1755 385 1819 subcrescere
406 1754 594 1819 videantur.
618 1753 649 1815 2.
671 1751 768 1828 Quod
791 1753 899 1816 ventis
922 1752 1085 1833 agitatum
1108 1769 1201 1816 mare

175 1860 275 1924 obvia
298 1859 359 1922 sibi
382 1877 522 1941 corpora
546 1877 662 1924 versus
691 1876 797 1924 unum
828 1858 972 1940 aliquem
990 1858 1102 1922 locum
1124 1877 1202 1939 pro-

175 1967 323 2040 trudere,
342 1972 375 2031 et
401 1966 524 2035 ibidem
543 1966 769 2031 'accumulare
784 1967 898 2030 soleat.
923 1963 952 2028 3.
976 1964 1073 2041 Quod
1094 1965 1200 2030 Canes

176 2073 298 2136 marini
313 2072 475 2154 gregatim
485 2073 656 2148 incedant,
668 2073 815 2152 adeoque
834 2072 951 2136 eodem
966 2075 1040 2137 loco
1054 2073 1220 2154 plurium*

119 2255 120 2260 ἵ
178 2175 306 2241 Canum
329 2176 444 2243 dentes
477 2176 619 2258 relinqui
653 2177 830 2258 potuerint.
853 2175 884 2239 l.
907 2175 1004 2252 Quod
1025 2179 1061 2240 in
1098 2177 1203 2259 glebis

177 2279 406 2344 Melitensibus
425 2280 491 2345 buc
511 2281 632 2357 allatis,
648 2286 779 2363 praeter
796 2281 910 2345 dentes
924 2282 1072 2345 diversos
1090 2280 1202 2344 diver-

178 2402 290 2450 sorum
313 2383 457 2460 Canum,
479 2386 582 2450 etiam
604 2386 700 2449 varia
716 2369 893 2466 conchylia
915 2386 1138 2467 reperiantur,
1161 2392 1200 2449 ut

178 2488 340 2568 adeoque,
357 2488 384 2551 si
406 2489 735 2554 numerus-dentium
760 2489 928 2553 dissuadet
944 2490 1197 2572 productionem

177 2611 309 2669 eorum,
339 2599 445 2658 terrae
469 2594 723 2660 adscribendum
745 2613 816 2659 esse
837 2597 1029 2661 eorumdem
1052 2598 1203 2662 dentium

179 2700 320 2775 fabrica,
349 2706 382 2764 et
408 2700 441 2762 in
463 2700 603 2780 singulis
620 2701 821 2766 animalibus
852 2704 963 2784 copia,
986 2711 1077 2769 terra
1096 2704 1200 2769 iundo

178 2807 280 2871 maris
297 2807 428 2880 similis,
447 2806 578 2888 aliaque
600 2825 740 2889 corpora
763 2809 894 2872 marina
916 2811 1033 2874 eodem
1050 2810 1124 2874 loco
1146 2829 1201 2873 re-

178 2917 273 2994 perta
290 2912 480 2976 contrariae
498 2911 646 2993 opinioni
663 2913 808 2977 lateant.
851 2949 855 2957 »

265 3017 350 3080 Aliis
373 3015 604 3082 difficultatem
638 3025 750 3083 movet
780 3022 976 3102 magnitudo
1012 3023 1202 3098 lemomm,

177 3122 389 3196 cremiorum,
412 3127 445 3184 et
468 3120 640 3194 dentium,
670 3121 878 3205 aliorumque
905 3124 1052 3198 ossium,
1074 3143 1160 3207 quae
1184 3144 1202 3188 e

178 3231 267 3289 terra
289 3231 474 3290 eruuntur:
499 3225 555 3287 sed
578 3243 638 3288 nec
663 3227 748 3289 tanti
779 3234 827 3290 est
860 3228 942 3291 baec
971 3228 1136 3304 obiectio,
1159 3238 1198 3294 ut

176 3332 346 3414 quantitas
376 3331 473 3396 solita
506 3332 693 3412 quantitate
717 3333 843 3407 maior,
878 3335 1015 3400 modum
1048 3335 1196 3402 Naturae

176 3436 305 3501 viribus
335 3437 558 3518 superiorem,
592 3437 713 3499 inferre
746 3437 883 3512 debeat,
916 3439 1196 3520 quandoquidem.

179 3543 208 3605 l.
229 3542 349 3609 Nostro
383 3544 516 3606 saeculo
548 3543 621 3606 visa
644 3542 710 3605 sint
742 3559 884 3624 corpora
916 3543 1089 3608 hominum
1111 3543 1196 3608 facie

178 3648 358 3712 admodum
379 3664 528 3729 procera.
551 3648 582 3711 2.
605 3647 740 3713 Certum
759 3648 822 3720 sit,
844 3648 992 3712 extitisse
1015 3648 1194 3729 aliquando

178 3758 407 3818 monstruosae
429 3753 670 3834 magnitudinis
686 3753 846 3817 homines.
869 3751 899 3817 3.
920 3753 1057 3836 Saepius
1078 3754 1194 3819 itidem

177 3875 238 3939 pro
260 3856 415 3920 humanis
427 3856 557 3920 ossibus
571 3856 777 3929 habeantur,
800 3874 885 3937 quac
900 3859 1044 3921 aliorum
1064 3857 1196 3920 anima-

178 3965 261 4029 lium
282 3980 357 4028 ossa
380 3962 455 4026 sint.
470 3954 511 4024 l,
524 3961 614 4026 ldem
638 3963 680 4027 sit
699 3963 880 4028 attribuere
898 3964 1046 4031 Naturae
1068 3963 1193 4029 ossium

181 4088 258 4134 vere
281 4070 477 4133 librosorum
499 4069 771 4149 productionem,
794 4089 833 4134 ac
867 4071 976 4134 dicere
1008 4090 1102 4154 posse
1124 4074 1194 4141 Na·
