2752 4792
688 428 713 493 8

188 584 250 649 sub
266 603 327 662 eo,
348 587 537 673 veicorpus
553 590 648 657 aiiud
664 591 825 664 solidum,
848 592 901 657 vei
915 590 1046 672 siquod
1060 590 1205 657 fluidum

187 689 233 755 ibi
254 693 424 770 extiterit,
444 695 508 763 init
526 697 613 763 iilud
631 703 708 763 tum
727 697 880 773 diversae
897 703 1040 763 nemeae
1057 715 1079 761 a
1097 697 1207 763 fluido

186 799 372 879 superiori,
393 807 468 871 tutu
489 804 627 886 gravius
643 804 763 871 rottdo-
776 804 961 871 sedimento
982 803 1079 871 baidi
1102 820 1203 886 ωρο-

186 903 296 971 norit.
430 964 434 969 .
583 970 587 975 ,
630 950 634 960 -
1063 972 1067 976 .

207 1083 210 1089 ,
277 1009 804 1100 recommemorent
834 1018 1117 1087 muneremur
1142 1034 1203 1082 eu-

187 1114 543 1194 praememoratum
551 1124 768 1196 interimitur
780 1133 854 1195 tum
864 1123 1005 1191 tolidem
1017 1123 1206 1189 consisten-

188 1218 271 1285 tiam
290 1226 524 1307 acqriieiverat.

210 1386 213 1391 .
276 1325 308 1393 3.
329 1329 406 1408 Quo
425 1341 574 1418 tempore
593 1339 801 1406 formbatnr
830 1344 976 1404 etramm
1011 1335 1204 1417 quodlibet,

190 1434 244 1498 vei
265 1436 333 1502 aiio
354 1456 493 1522 corporo
513 1443 620 1510 solido
646 1464 668 1510 a
689 1447 851 1512 lateribus
870 1445 1021 1508 cinctum
1042 1440 1129 1516 tuit,
1149 1440 1204 1504 rei

189 1545 300 1607 totum
320 1549 429 1613 terrae
442 1546 582 1629 globum
599 1551 749 1617 obduxit
769 1551 855 1617 Hinc
874 1549 1025 1630 requitur
1041 1563 1209 1628 quocum-

189 1662 255 1725 que
274 1647 310 1713 iu
333 1649 407 1715 ioco
429 1657 611 1722 stratorum
628 1655 721 1721 nuda
739 1657 845 1721 latera
859 1652 1132 1734 conspiciuntur,
1152 1650 1208 1714 vei

192 1754 384 1823 corumdem
394 1761 578 1828 stratorum
588 1762 875 1829 continuationem
885 1758 1112 1841 quaerendam
1127 1771 1210 1830 eece,

193 1856 247 1919 vel
260 1857 499 1927 inveniendum
515 1880 586 1935 eece
603 1866 697 1933 aliud
712 1883 835 1948 corpur
851 1863 1010 1936 ceddum,
1027 1860 1118 1943 quod
1133 1875 1210 1925 mn-

193 1963 312 2034 tcriem
331 1971 513 2035 matorum
532 1972 692 2047 retinuit,
709 1991 751 2038 ne
768 1970 943 2039 difflueret.

257 2069 312 2135 d.
334 2072 410 2151 Quo
429 2080 577 2164 temnere
605 2080 821 2146 formabatur«
843 2078 1014 2162 quodlibet
1042 2077 1210 2147 stratum,

191 2180 368 2250 maesiam
390 2183 440 2251 iiii
457 2187 758 2265 superincumbens
785 2191 892 2250 totam
926 2177 1211 2253 buidamt'uirse,

192 2284 362 2368 adeoque,
383 2308 451 2371 qno
471 2296 620 2374 tempore
639 2290 795 2357 intimum
827 2295 971 2355 stratum
1003 2284 1212 2350 formabatur

196 2389 326 2457 nulium
342 2411 362 2457 e
377 2396 605 2477 mperioribur
620 2396 736 2463 etratie
752 2395 912 2460 extitisse.

283 2495 380 2572 Quod
402 2500 546 2581 figuram
568 2507 715 2584 spectat,
737 2505 866 2563 certum
884 2504 956 2572 est,
978 2515 1045 2578 quo
1062 2502 1214 2576 tempore

193 2595 401 2667 formabatur
421 2607 566 2668 stratum
586 2603 779 2685 quodlibet,
800 2601 1011 2682 superficiem
1031 2599 1104 2662 eius
1127 2597 1213 2660 inie-

196 2703 341 2782 riorem,
364 2715 403 2772 ut
419 2715 453 2774 et
474 2709 619 2775 interum
632 2709 706 2776 elue
721 2707 935 2789 superficies,
951 2704 1117 2769 inferioris
1135 2721 1213 2767 cor-

196 2809 301 2889 poris,
311 2818 533 2895 etcorporum
542 2816 732 2880 lateralium
743 2813 983 2895 superficiebus
991 2810 1215 2892 reapondisse,

124 2986 128 2993 ⁸
195 2914 400 2993 superiorem
422 2935 502 2982 vero
523 2918 733 3000 superficiem
749 2918 936 2989 horizonti,
956 2921 1121 2997 qnantum
1139 2931 1215 2978 ma·

196 3015 286 3083 xime
312 3021 465 3097 licuerit,
497 3026 693 3106 paraiieiam
724 3025 894 3098 extitisse,
927 3023 1076 3104 aderrque
1107 3025 1214 3084 atrata

201 3127 315 3189 omnia
335 3135 467 3209 praeter
488 3131 663 3204 infimum,
682 3131 814 3195 duobus
839 3127 947 3210 pinnis
967 3125 1132 3191 horizonti
1153 3142 1217 3206 pa-

198 3228 326 3294 rallelis
339 3234 503 3298 contineri
519 3232 577 3319 (1).
596 3235 682 3298 Hinc
699 3235 861 3315 uoluitur,
872 3236 992 3306 strata,
1007 3231 1060 3294 vel
1075 3246 1217 3312 porpen-

202 3337 367 3404 dicularia
388 3340 432 3403 ed
453 3341 682 3414 horizontem,
704 3340 757 3403 vei
772 3339 925 3403 edilium
944 3338 1127 3410 inclinate,
1149 3335 1217 3401 alio

200 3447 349 3523 tempore
366 3442 532 3508 horizonti
547 3446 708 3526 paraiieia
724 3443 883 3507 extitisse.

291 3549 359 3615 Nec
382 3549 579 3614 adversatur
600 3549 698 3615 dictis
728 3554 878 3614 mutatus
910 3537 1091 3612 stratorum
1113 3549 1218 3620 sitm,

205 3661 238 3716 et
259 3653 352 3719 nuda
371 3653 562 3718 eorumdem
579 3657 706 3731 latera,
724 3658 822 3736 prout
839 3653 953 3718 multis
966 3654 1001 3717 in
1020 3654 1102 3717 iocis
1119 3651 1218 3716 bodie

204 3763 469 3845 conspiciuntur:
480 3766 748 3848 qnandoquidem
759 3765 935 3830 manifesta
945 3765 1069 3830 indicia
1078 3766 1217 3846 ignium,

208 3873 241 3930 et
262 3884 423 3948 aquarum
446 3868 480 3932 in
501 3869 627 3933 vicinia
646 3870 839 3935 eorumdem
861 3869 1011 3934 iocorum
1029 3873 1152 3933 extent.
1176 3867 1219 3932 Ut

208 3971 296 4035 enirn
318 3989 405 4054 aqua
425 3978 569 4037 terream
589 3973 765 4036 materiam
786 3973 970 4036 dissolvens
1001 3971 1044 4033 ad
1064 3971 1137 4033 loca
1159 3970 1219 4032 de·

292 4195 329 4258 (t)
347 4197 413 4248 Vide
431 4199 503 4258 ineu
522 4199 641 4247 dioneae
655 4197 686 4246 de
704 4194 823 4257 Ge'oioae'e
837 4207 897 4256 pag.
914 4194 946 4244 it
967 4194 1010 4256 og.
1032 4199 1055 4244 t.
