2752 4792
677 461 699 529 9

174 625 282 692 clivia
304 629 455 695 eamdem
474 626 622 702 devehit,
644 635 715 703 tum
734 631 769 693 in
787 627 961 711 superficie
983 635 1104 703 terrae,
1124 636 1196 695 tum

110 771 122 785 ·
176 734 214 798 in
234 741 344 800 terrae
365 735 583 808 caritatibus,
608 736 656 798 sic
687 734 775 817 ignis
795 735 964 800 obstantia
984 737 1122 817 quaevis
1143 754 1200 800 so-

180 842 254 906 lida*
271 843 463 916 resolvens,
495 860 563 907 non
598 841 699 908 modo
730 845 871 908 leuiores
907 843 979 909 eins
1015 844 1198 925 particulas

176 947 337 1037 expellit,
360 947 417 1010 sed
436 947 641 1028 granssima‘
651 947 819 1013 interdum
836 947 983 1028 pondera
999 946 1197 1019 eiaculatur,

177 1069 245 1134 qno
263 1053 366 1118 litut
379 1050 415 1116 ln
435 1053 610 1134 superficie
632 1059 742 1119 terrae
759 1051 975 1135 praecipitia,
993 1053 1146 1127 canales,
1164 1058 1198 1117 et

177 1157 280 1231 alvei,
302 1157 338 1220 in
361 1162 471 1220 terrae
489 1161 601 1220 autem
617 1156 814 1233 visceribus,
831 1163 961 1222 meatus
980 1155 1198 1234 subterranei,

174 1268 208 1325 et
222 1279 387 1326 cavernae
403 1261 605 1336 formantur,
628 1279 772 1342 quarum
782 1263 957 1326 occasione
972 1267 1077 1327 strata
1087 1268 1196 1326 terrae

177 1366 278 1430 situm
296 1373 428 1432 mutare
445 1373 602 1449 poterunt
620 1367 751 1433 duobus
769 1367 886 1432 modis.

271 1471 403 1536 Primus
425 1472 544 1536 modus
564 1479 636 1547 est,
657 1477 837 1538 stratorum
865 1473 1014 1537 violenta
1037 1472 1072 1536 in
1096 1473 1202 1537 altum

176 1578 353 1653 excussio,
374 1579 448 1643 slve
467 1596 544 1643 eam
565 1579 728 1662 producat
746 1584 903 1661 praeceps
923 1580 1116 1645 incendium
1137 1581 1202 1644 ha-

176 1683 301 1748 litnum
324 1685 617 1750 subterraneorum
637 1681 684 1770 (1)
698 1731 707 1758 ,
723 1683 793 1748 sive
807 1684 896 1747 idem
910 1681 1033 1748 efficiat
1051 1683 1200 1748 violenta

178 1788 284 1851 aereis
305 1788 400 1852 elisio
421 1794 555 1870 propter
578 1788 726 1868 ingentes
752 1787 836 1850 alias
856 1786 892 1849 in
923 1786 1049 1851 vicinia
1072 1787 1197 1851 ruinas.

179 1895 272 1957 llano
284 1899 469 1958 stratorum
483 1893 715 1959 excussionem
732 1892 882 1973 sequitur
896 1894 1057 1958 materiae
1073 1899 1198 1958 terreae

176 1999 212 2061 in
230 1998 402 2080 pulverem
418 1998 598 2079 dispersio,
620 1997 780 2062 materiae
795 2014 877 2061 vero
893 2013 1015 2061 saxeae
1029 1995 1195 2061 diffractio

180 2104 216 2166 in
237 2103 369 2184 lapillos
380 2148 391 2177 ‚
402 2107 440 2166 et
456 2102 587 2166 rudera.

272 2206 438 2270 Posterior
460 2206 579 2269 modus
596 2211 666 2280 est,
690 2209 892 2286 spontaneus
906 2209 1088 2273 stratorum
1106 2220 1206 2286 supe·

180 2313 308 2377 riorum
327 2312 494 2394 delapsus,
518 2328 577 2376 sen
595 2312 709 2385 ruina,
723 2310 858 2392 quando
877 2309 1041 2376 subducta
1058 2309 1202 2374 materia

177 2419 355 2495 inferiori,
385 2437 443 2485 seu
480 2418 723 2494 fundamento,
756 2418 928 2501 superiora
965 2419 1069 2482 rimas
1102 2435 1200 2501 agere

176 2527 370 2608 caeperint;
392 2526 482 2590 unde
499 2543 560 2607 pro
574 2526 782 2599 cavitatem,
804 2529 837 2589 et
854 2525 1018 2590 rimarum
1036 2525 1201 2590 varietate

180 2633 295 2697 varius
317 2632 545 2696 diffractorum
578 2637 760 2698 stratorum
794 2632 877 2697 situs
909 2632 1082 2713 sequitur,
1118 2630 1201 2695 dum

178 2736 346 2817 quaedam
366 2734 531 2801 horizonti
563 2736 723 2817 parallela
756 2742 912 2811 manent,
934 2737 1000 2801 ulia
1032 2737 1075 2800 ad
1104 2735 1201 2800 illum

181 2839 471 2921 perpendicularis
492 2839 601 2915 fiunt,
623 2840 780 2921 pleraque
796 2841 948 2922 obliquos
966 2841 1107 2924 angulos
1124 2847 1205 2908 cum

183 2962 223 3008 ea
244 2943 474 3017 constituunt,
497 2944 660 3008 nonnulla
681 2943 718 3006 in
740 2959 839 3008 arcus
861 2943 1098 3020 inflectuntur,
1129 2960 1205 3008 ma·

184 3049 269 3115 teria
289 3065 407 3114 comm
428 3047 538 3114 tenaci
561 3044 742 3115 existente:
766 3054 799 3114 et
812 3051 895 3114 hacc
913 3051 1057 3117 mutatio
1070 3051 1204 3115 contin-

184 3173 262 3236 gere
284 3155 427 3238 poterit,
446 3155 501 3219 vel
520 3154 554 3218 in
573 3154 728 3220 omnihus
741 3157 855 3223 stratis
868 3155 1009 3220 caritati
1026 3155 1205 3221 imminen-

185 3258 296 3334 tibus,
317 3258 373 3322 vel
388 3257 422 3321 in
451 3257 650 3338 quibusdam
667 3260 780 3324 stratis
814 3258 1046 3334 interioribus,
1080 3258 1205 3324 relictis

184 3364 323 3446 integris
349 3363 574 3446 superioribus
596 3348 711 3428 stratis
735 3361 793 3449 (2).

274 3466 430 3533 Mutatus
451 3471 632 3531 stratorum
664 3466 770 3544 situs,
802 3466 991 3532 variarum>
1010 3483 1124 3532 rerum
1156 3468 1204 3533 sic

188 3574 272 3639 satis
288 3570 476 3639 difficilium
490 3572 622 3636 facilem
639 3572 894 3654 explicationem
910 3573 1027 3639 reddit.

269 3845 305 3906 (t)
324 3816 401 3897 llauc
416 3845 521 3906 teltccm
538 3845 762 3906 excogitatlonern
780 3847 897 3908 intrare,
913 3847 1011 3910 lector,
1027 3849 1120 3910 utpote
1134 3859 1204 3910 quae

191 3925 398 3976 undamentum
414 3924 527 3985 meost
543 3925 693 3987 praecipuis
710 3925 794 3977 nostrl
812 3925 942 3988 temporo
956 3929 1094 3990 geotoatse
1105 3929 1205 3981 doctrt-

191 4004 240 4054 uls.
257 4003 387 4066 Quamvls
404 4003 431 4052 ln
446 4002 620 4062 sequentibus
635 4002 759 4064 capttults
774 4013 836 4054 carn
858 4000 983 4065 ctlngtsse
1005 4004 1126 4056 vtdeatnr
1145 4004 1203 4057 ste-

191 4085 308 4222 nonlotl)
328 4161 379 4210 tlte
396 4159 489 4211 vtdere
499 4161 540 4211 est
550 4159 660 4211 exordis
671 4158 820 4222 theoricae,
831 4168 912 4220 uuam
924 4159 1002 4222 longo
1011 4162 1072 4222 post
1085 4161 1205 4223 tempore

192 4240 420 4293 celebrattsstmns
434 4239 475 4291 lle
492 4241 547 4291 luc
564 4238 626 4294 totts
643 4240 742 4294 rtrtbus
757 4238 893 4291 snstlnere
906 4241 1019 4291 conatus
1034 4239 1084 4292 est.
