2752 4792
668 447 709 516 13

180 618 213 678 et
235 612 395 679 aediliciis
415 612 538 678 sensim
560 612 754 686 subsidant,
776 613 831 677 vel
847 629 891 677 cx
909 612 1089 699 improviso
1110 613 1201 680 bau-

181 718 334 796 riantur,
357 719 505 801 adeoque
528 719 796 802 ingenteslacns
810 718 912 784 modo
928 717 1096 793 siut,2ubt
1116 720 1198 788 olim

179 825 278 890 urbes
294 825 551 907 extitem3qucd
564 823 719 907 planities
733 824 996 890 inhabitantibus
1009 825 1197 906 pasculum
1275 843 1278 851 ·

179 930 223 996 sit
238 920 284 996 'ab
302 931 337 996 id
351 918 493 1014 generis
509 931 637 1007 ruinis,
659 931 725 1025 nipi
746 931 789 995 de
810 930 960 1012 phnitioi
979 919 1198 997 iuudammrtc

179 1053 280 1101 saxeo
293 1037 376 1102 corti
390 1036 530 1113 luerint;
550 1037 641 1119 quod
655 1053 715 1119 per
727 1034 910 1100 :intervalla
926 1034 1105 1118 voragines
1112 1048 1200 1117 ape·
1227 1122 1229 1130 Ι

179 1143 311 1208 riantm
348 1142 546 1225 *pestiferum
569 1158 697 1207 aerem
711 1139 715 1144 '
729 1140 952 1214 exhalantes,
982 1157 1070 1221 quae
1095 1154 1204 1224 nsuaper

178 1247 315 1331 ingestis
328 1249 538 1330 ‘quibuslibet
557 1248 754 1331 corporibus
775 1246 1133 1312 itemm=·obturauturs
1153 1274 1157 1281 >

253 1460 308 1523 lv.
331 1459 488 1542 Lopidom
504 1461 744 1541 oomopotoirsm
762 1458 853 1539 oripo
869 1465 900 1521 st
918 1456 1125 1522 minutalibus

584 1562 793 1644 receptaculo.

267 1774 358 1838 ldem
395 1779 546 1838 mutatus
583 1779 765 1838 stratuum
804 1771 888 1834 situs
927 1771 1041 1834 omnis-
1067 1772 1200 1852 generis

178 1877 358 1959 variegatis
382 1878 550 1959 lapidibus
571 1878 782 1941 occasionem
805 1874 917 1949 dedit;
949 1875 1113 1955 simulque
1125 1876 1200 1943 wmi-

179 1984 347 2047 neralibus
368 1984 532 2065 plerisque
569 1981 816 2063 receptaculum
849 1980 1026 2061 praebuit,
1061 1982 1131 2045 sive
1163 1981 1198 2045 ld

180 2090 357 2171 contigerit
379 2090 414 2152 in
436 2089 530 2153 rimis
552 2095 754 2160 stratorum,
784 2087 855 2150 sive
889 2087 924 2148 in
958 2085 1026 2150 illis
1048 2086 1197 2162 fissuris,

174 2195 317 2273 quaein
340 2195 481 2257 materia
502 2211 620 2258 eorum
651 2193 740 2256 sicca
773 2190 930 2273 quidem,
953 2191 1025 2256 -sed
1045 2191 1196 2258 noudum

178 2300 273 2375 dura,
288 2302 341 2364 vel
359 2301 446 2366 inter
463 2300 628 2375 lamellas
639 2299 695 2364 vel
713 2299 747 2362 in
767 2298 922 2362 scissuris
936 2298 1199 2378 reperiebantun

176 2405 246 2468 sive
268 2406 303 2469 in
325 2406 513 2470 interstitiis
535 2406 622 2471 inter
644 2407 751 2470 strata
765 2402 955 2484 superiora,
977 2406 1011 2467 et
1027 2402 1199 2478 inferiora,

175 2515 249 2589 post
282 2510 477 2574 inferiorum
511 2514 692 2573 stratorum
723 2507 921 2588 delapsum
956 2507 1028 2571 sivo
1049 2507 1085 2571 in
1114 2507 1199 2573 locis

173 2616 291 2680 vacuis
313 2634 333 2680 a
354 2634 533 2698 corporum
555 2615 603 2678 ibi
630 2619 865 2680 contentorum
891 2612 1095 2679 resolutione
1114 2614 1198 2681 ruli-

172 2719 245 2782 otls.
270 2720 373 2786 Unde.

266 2825 295 2888 l.
327 2827 554 2890 Demonstrari
587 2827 739 2908 poterit,
770 2824 963 2899 levissimo,
997 2825 1067 2889 iano
1099 2825 1199 2907 mune

166 2930 269 2993 nullo
289 2930 507 2994 fundamento
524 2934 769 3012 superstructas
785 2944 856 2992 esse
878 2927 1027 2993 minutos
1048 2928 1146 3003 illas,
1163 2935 1197 2994 et

173 3039 306 3099 tantum
323 3053 391 3099 non
408 3037 654 3117 superstitiosas
675 3049 841 3099 venarum
861 3031 1057 3108 divisiones,
1075 3034 1199 3114 quibus

169 3137 387 3204 mineralium
407 3139 548 3203 fossores
568 3144 733 3214 utuntur;
768 3136 917 3217 adeoque
943 3153 986 3200 ex
1008 3137 1198 3215 radicibus,

174 3248 208 3307 et
229 3244 331 3307 ramis
352 3244 567 3309 mineralium
600 3261 707 3325 acque
741 3242 879 3307 dubiam
913 3258 984 3308 esse
1007 3243 1047 3307 de
1069 3245 1197 3309 metalli

175 3347 380 3417 abundantia
400 3348 663 3424 divinationem,
687 3364 726 3411 ac
740 3352 789 3411 est
811 3345 956 3411 ridicula
976 3348 1091 3430 opinio
1113 3346 1194 3415 dii-

173 3452 327 3517 nensium
350 3454 578 3534 quorumdam
603 3452 797 3534 decapite,
819 3450 983 3518 stranda
1014 3451 1195 3529 Draconis,

173 3576 239 3639 qua
261 3562 403 3623 utuntur
438 3559 481 3622 ad
512 3559 724 3641 auspicatum
756 3555 1007 3639 sepuicbrorum
1035 3556 1137 3623 situm
1159 3558 1194 3625 lu

174 3662 342 3726 montibus
363 3662 611 3727 inveniendum.
1115 3732 1117 3737 ,

140 3772 142 3778 ·
263 3765 294 3828 2.
323 3765 538 3832 Mineralium
570 3768 747 3849 pleraque,
780 3765 871 3830 circa
903 3781 988 3845 quae
1025 3759 1193 3834 buniacus

174 3870 267 3933 labor
288 3877 493 3953 occupatur,
516 3889 537 3935 a
557 3871 721 3953 principio
743 3887 856 3935 rerum
878 3885 947 3933 non
971 3868 1129 3935 extitisse.

265 3973 295 4040 3.
318 3975 415 4040 Posse
436 3978 472 4040 in
489 3994 648 4042 saxorum
665 3975 819 4040 examine
836 3974 944 4040 multa
963 3972 1088 4057 detsgi,
1104 3992 1191 4056 quae

175 4082 210 4146 in
233 4082 444 4148 mineralium
476 4084 624 4165 ipsorum
658 4081 813 4149 examine
840 4078 964 4145 irustra
995 4083 1189 4158 tentantur;

139 4224 145 4234 ι
175 4186 442 4268 quandoquidem
475 4186 651 4269 plusquam
684 4184 853 4268 probabile
887 4181 954 4258 sit,
987 4184 1101 4253 omnia
1134 4185 1221 4263 illa.
