2752 4792
708 482 752 549 25

217 647 310 713 ribus
330 651 438 711 terrae
471 642 636 708 inclusam
665 645 766 711 nulii·
783 642 975 710 mortalium
1009 645 1165 720 dubiam,
1198 647 1234 712 vi

215 749 301 831 ignis
322 747 528 814 subterranei
550 746 705 812 omnibus
726 744 798 812 noti
833 746 956 831 partim
987 763 1104 814 versus
1125 748 1232 814 fontes

157 905 162 913 .
213 858 344 931 actam,
377 853 502 936 partim
533 870 592 935 per
625 859 734 918 terrae
766 868 835 923 nou
869 852 950 919 dum
973 853 1229 935 aquissobrutae

213 976 311 1040 poros
333 960 377 1023 in
391 975 502 1024 aerem
520 959 711 1041 propulsam
729 959 850 1034 iuiss03
873 958 967 1023 illam
985 965 1074 1024 vero'
1090 977 1232 1041 aquam,

206 1082 291 1146 quae
314 1070 386 1130 turn
401 1063 478 1142 ,aeri
499 1073 629 1146 semper
647 1064 818 1138 inhaeret,
838 1067 914 1128 tum
936 1064 1111 1145 praedicto
1130 1066 1231 1131 modo

206 1169 256 1234 illl
277 1170 549 1244 immiscebatur,
571 1169 764 1250 pluviarum
792 1169 900 1250 specie
922 1169 1092 1252 delapsam
1107 1169 1227 1235 baisse.

208 1273 239 1339 3.
255 1272 414 1341 Fundam
444 1274 547 1339 maris
559 1277 609 1350 ,ob
632 1274 789 1339 dilatatas
811 1279 974 1340 cavernas
996 1276 1230 1341 subterraneas

208 1383 388 1447 elevatum.
411 1380 442 1444 4.
465 1379 623 1462 Reliquas
655 1380 690 1443 in
723 1381 1036 1462 superficie-terrae
1064 1381 1228 1447 cavitates

208 1489 350 1571 repletas
368 1487 468 1555 fuisse
491 1493 624 1552 terrena
633 1474 780 1552 materia
798 1488 841 1550 ab
859 1489 1034 1555 altioribus
1048 1490 1130 1553 locis
1145 1507 1229 1553 con·

206 1596 302 1660 tiuuc
344 1594 538 1676 pluviarum
577 1593 708 1675 allapsu
741 1593 870 1657 abrasa.
908 1594 940 1657 5.
975 1595 1085 1676 ipsam
1124 1600 1231 1661 terrae

206 1698 415 1782 superficiem
449 1699 560 1764 minus
593 1698 803 1779 inaequalem
832 1699 954 1774 fuisse,
988 1706 1103 1783 utpote
1136 1703 1226 1766 ortui

205 1797 402 1869 viciniorem
416 1848 425 1879 ,
438 1803 531 1867 'nihil
560 1819 621 1867 nec
660 1799 872 1883 scripturae,
893 1822 954 1868 nec
992 1806 1137 1881 rationi,
1166 1823 1229 1870 nec

203 1908 418 1993 quotidianae
428 1910 653 1992 experientiae
663 1911 872 1976 contrarium
883 1911 1126 1978 admiserimus.
1138 1911 1227 1990 Quid

205 2018 239 2079 in
262 2021 372 2079 terrae
392 2015 569 2096 superficie
597 2015 774 2096 contigerit
808 2015 888 2080 dum
912 2019 1007 2098 aquis
1038 2016 1228 2099 tegeretur,

203 2137 264 2184 nec
288 2118 480 2201 Scriptura,
502 2137 563 2184 nec
573 2119 708 2187 Natura
726 2120 894 2195 declarata
917 2121 952 2185 id
970 2121 1078 2188 solum
1095 2141 1138 2186 ex
1156 2124 1226 2190 Na·

203 2229 282 2288 tura
304 2239 449 2288 asserere
471 2239 667 2305 possumus,
694 2221 878 2304 profundas
908 2224 1016 2288 valles
1035 2232 1116 2290 tuuc
1138 2230 1225 2290 tem·

206 2327 296 2410 poris
318 2328 498 2410 productas
519 2343 599 2391 esse.
621 2326 651 2390 1.
669 2326 766 2404 Quod
784 2327 913 2410 ignium
936 2331 1229 2397 subterraneornm

205 2431 239 2495 vi
258 2432 436 2514 ampliores
455 2431 603 2495 redditae
620 2430 783 2495 cavitates
794 2430 977 2497 maioribus
992 2434 1098 2498 urinis
1116 2434 1229 2499 locum

203 2533 426 2616 praebuerint.
449 2534 481 2598 2.
504 2532 602 2611 Quod
624 2533 720 2615 aquis
742 2534 944 2614 aperiendus
955 2535 1075 2600 ‘fuisset
1098 2536 1224 2602 reditus

203 2639 239 2703 in
260 2641 478 2722 profundiora
499 2644 619 2705 terrae.
640 2638 671 2704 3.
694 2639 792 2717 Quod
813 2640 911 2705 bodie
933 2641 968 2704 in
991 2642 1072 2705 locis
1094 2660 1114 2707 a
1138 2645 1224 2709 mari

203 2744 339 2808 remotis
359 2745 547 2825 profundae
567 2744 675 2808 valles
711 2743 960 2824 conspiciantur
982 2746 1126 2826 repletae
1148 2750 1226 2829 piu-

83 2841 86 2847 ’
203 2844 296 2909 ribus
317 2845 511 2910 sedimentis
533 2846 683 2911 marinis.

290 2948 416 3026 Quinta
432 2951 547 3028 facies,
569 2969 655 3034 quae
671 2939 792 3018 iterum
811 2955 900 3018 sicca
918 2957 1049 3023 reddita
1063 2961 1153 3023 terra
1170 2959 1225 3023 in-

202 3059 316 3135 gentes
337 3057 493 3136 planities
525 3059 754 3132 monstrabat,
789 3059 937 3124 extitisse
956 3057 1120 3143 planities
1154 3064 1230 3129 illas

198 3160 327 3230 Natura
341 3149 566 3242 demonstrat,
584 3166 755 3248 Scriptura
769 3183 836 3231 non
851 3168 1059 3251 refragante3
1074 3178 1222 3248 caetera,

199 3282 243 3329 an
260 3267 352 3333 illico
367 3273 476 3334 totum
494 3289 585 3336 mare
602 3273 789 3347 recesserit;
808 3289 852 3336 an
867 3292 947 3337 vero
961 3276 1149 3344 labentibus
1167 3294 1220 3343 se-

199 3374 284 3437 culis
304 3392 413 3440 novae
433 3378 613 3458 voragines
641 3383 776 3459 apertae
798 3379 896 3444 novis
918 3382 1108 3462 regionibus
1131 3384 1221 3449 dete-

199 3480 314 3561 gendis
335 3481 543 3546 occasionem
565 3484 800 3562 praebuerint,
823 3502 902 3550 cum
925 3485 1097 3569 Scriptura
1112 3490 1219 3563 sileat,

200 3587 234 3645 et
256 3582 405 3663 gentium
425 3583 563 3648 historia
596 3584 637 3648 de
669 3584 785 3667 primis
807 3606 828 3653 a
850 3588 978 3654 diluvio
997 3592 1117 3657 seculis
1138 3594 1218 3674 ipsis

200 3687 352 3768 gentibus
381 3689 480 3754 dubia
494 3728 516 3764 ,-
532 3694 565 3752 et
600 3690 722 3757 fabulis
736 3692 834 3773 plena
850 3695 977 3760 credita
1001 3697 1117 3774 tuerit,
1135 3699 1220 3764 nibil

198 3795 281 3858 certi
303 3812 343 3859 ea
365 3794 405 3859 de
428 3812 464 3859 re
496 3795 717 3861 determinare
749 3797 837 3863 licet.
860 3800 897 3864 ld
933 3801 1067 3883 quidem
1088 3808 1219 3870 certum

199 3900 262 3975 est,
285 3914 443 3979 magnam
465 3901 573 3962 terrae
590 3900 813 3980 quantitatem
831 3903 970 3987 singulis
989 3907 1085 3973 aunis
1100 3908 1219 3973 deferri

199 4001 235 4064 in
250 4017 343 4066 mare
362 3996 423 4084 (nt
438 3999 621 4067 numinum
636 4003 890 4086 amplitudines,
905 4013 938 4072 et
956 4009 1055 4093 longa
1070 4029 1129 4094 per
1147 4029 1220 4076 rne-

198 4101 402 4168 ditcrraneas
412 4103 562 4186 regiones
573 4103 706 4181 itinera,
721 4110 985 4193 terrentiumque
1004 4114 1217 4183 innumerum

200 4228 393 4304 numerum,
414 4215 544 4296 paucis,
567 4204 683 4281 omnia·
702 4219 811 4279 terrae
827 4217 970 4283 declivia
991 4223 1215 4288 consideranti
