2752 4792
484 747 903 943 rnnnnnrro
965 924 969 933 ,

289 1684 493 1803 Nroonrus
518 1729 657 1820 Srnno,
683 1729 913 1802 anatomicos
938 1727 1201 1803 celeberrimus

190 1851 325 1926 saeculi
359 1853 472 1942 xvii,
507 1853 627 1928 banus
659 1854 820 1951 origine,
855 1856 1029 1930 Etruscus
1063 1852 1201 1930 doctri·

191 1993 237 2054 na
256 1973 319 2068 (1),
338 1974 428 2048 vixit
440 1975 616 2050 clariores
629 1996 715 2051 suos
728 1975 805 2053 dies
823 1959 1045 2069 Florentiae,
1061 1979 1099 2051 in
1114 1978 1200 2053 ania

189 2096 405 2172 Ferdinandi
419 2099 449 2171 ll
465 2100 586 2196 Magni
603 2100 773 2176 Etruriae
788 2101 920 2191 Ducis,
938 2100 1112 2196 Principis
1128 2102 1200 2177 bie-

187 2217 281 2294 dicei
306 2219 564 2312 scientiarum,
589 2221 841 2318 bonarumque
862 2223 998 2298 artium
1023 2223 1200 2299 beneme-

188 2341 373 2434 ritissimi,
397 2350 435 2418 et
452 2342 702 2419 familiaritate
718 2344 908 2420 devinctos
924 2344 991 2419 init
1008 2366 1092 2420 enm
1111 2344 1199 2420 viris

188 2465 387 2558 praeclaris
404 2466 464 2560 qui
483 2472 573 2540 tunc
590 2467 766 2561 temporis
784 2469 823 2541 in
839 2468 989 2543 Etruria
1001 2466 1199 2560 florebant,

186 2589 382 2665 Francisoo
396 2588 524 2682 Rodio,
537 2590 727 2667 Vincentio
740 2591 920 2683 virianio,
933 2591 1119 2686 Aiphonso
1131 2591 1202 2665 Bo·

189 2712 308 2803 reiiio,
321 2712 457 2788 Caroio
469 2713 573 2803 Iiato,
585 2715 782 2789 Laurentio
798 2712 1030 2812 Magaiottio,
1046 2711 1201 2808 aliisque

188 2833 362 2926 pluribus.
397 2835 495 2910 Inter
520 2836 592 2939 aiio
609 2837 746 2930 soripta
771 2856 866 2932 quae
892 2837 930 2911 in
955 2835 1200 2922 secundusne

185 2957 304 3052 patria
322 2960 416 3054 typis
441 2960 628 3036 commisit
644 2969 702 3036 est
725 2960 952 3051 dissertatio,
970 2960 1029 3035 oui
1049 2959 1199 3036 titulus:
1286 2979 1298 2995 ·

186 3082 240 3152 Do
255 3083 374 3156 solido
398 3085 501 3156 intro
524 3084 681 3156 solidum
703 3085 929 3157 naturaiiter
943 3089 1121 3158 rotomo.
1145 3081 1199 3158 rid

185 3206 282 3280 bano
298 3207 529 3282 scribendam
548 3208 698 3284 Stenoni
712 3208 906 3283 materiam
920 3208 1126 3304 praebuere
1138 3207 1199 3282 iti·

189 3351 277 3405 nera
294 3349 409 3425 qnae,
428 3331 530 3426 jussu
546 3328 722 3426 Principis
737 3328 982 3423 Ferdinandi,
1003 3351 1073 3429 per
1089 3331 1198 3406 Etru·

184 3454 263 3529 riae
281 3455 362 3527 ioca
380 3454 540 3550 peregit,
564 3460 604 3528 ut
621 3452 807 3528 naturales
826 3451 1084 3549 productiones
1101 3472 1197 3550 qnae
1309 3476 1313 3490 ¹

185 3577 232 3651 ad
261 3576 362 3652 iiiam
391 3577 581 3674 regionem
611 3576 848 3670 pertinebant
872 3576 1070 3672 diiigenter
1095 3577 1201 3652 coili-

274 3774 312 3834 (1)
331 3773 407 3824 rotor
423 3772 495 3824 viror
510 3771 625 3826 iiimtres
640 3773 753 3838 ltaliae,
777 3783 893 3834 numum
917 3773 990 3827 vitre
1010 3786 1034 3828 n⁴
1047 3770 1201 3825 dorumimo
1312 3824 1314 3830 ,

181 3861 287 3924 Anneio
302 3861 435 3913 Fabronio
450 3863 580 3915 exaratae
594 3864 689 3925 inere,
708 3861 791 3920 steno
811 3863 979 3915 recensetur.
1004 3863 1056 3926 Qui
1074 3862 1201 3916 flamiam

182 3951 232 4001 iooi
247 3949 277 4002 et
291 3951 428 4014 naturae,¹
448 3950 615 4004 florentiam
636 3962 703 4006 roro
720 3951 790 4014 luris
805 3952 835 4003 ot
850 3950 998 4006 voluntatis
1017 3951 1068 4006 sibi
1085 3951 1201 4014 patriam

181 4039 524 4102 numerumnunerum
539 4043 612 4096 uuae
622 4043 754 4096 iratorum
761 4041 886 4094 dortm
896 4040 1200 4096 memororum.

181 4127 249 4182 vido
256 4140 333 4182 suam
341 4132 482 4194 epistotam
492 4133 526 4185 ad
536 4132 704 4186 uomtntenm
713 4132 894 4195 cotunninm,
905 4129 1031 4184 §tenonis
1040 4129 1113 4184 vitae
1122 4140 1200 4194 prro

181 4217 311 4280 musam).
