2752 4792
673 449 713 516 td

267 617 414 684 Tertium
449 634 553 700 genus
575 622 783 696 earum-est,
807 631 893 696 qnae
915 615 985 677 sola
1013 613 1121 694 ligura
1155 611 1202 674 si-

179 722 274 786 miles
305 726 383 787 sunt
416 721 516 784 modo
538 720 711 802 descriptis
733 721 847 792 testis,
865 717 1006 798 ¹reliqua
1037 716 1071 779 iu
1094 719 1202 779 totum

177 829 221 890 ab
243 829 285 892 iis
306 826 472 892 differunt.
496 827 623 893 llarnm
648 828 735 890 aliae
757 841 874 890 aereae
897 829 988 897 sunt;
1012 823 1097 887 aliae
1115 820 1203 901 lapi·

177 932 271 1007 deae,
281 932 402 1007 colore,
413 932 468 996 vel
480 932 588 1014 nigro,
597 931 651 996 sel
664 929 769 1004 ssavo:
784 929 870 994 aliae
886 942 1105 998 marmoreae:
1118 923 1202 989 aliae

176 1034 405 1116 crystallinam
429 1033 514 1099 aliae
536 1033 680 1099 alterius<
695 1033 870 1106 materiae,
888 1045 1032 1111 quarum
1054 1026 1203 1092 omnium

60 1122 64 1130 ’
177 1136 428 1219 modestiorem
450 1138 599 1218 sequenti
622 1138 722 1203 modo
743 1136 902 1217 explico·

213 1287 220 1293 -
267 1238 330 1305 Ubi
352 1243 459 1304 testae
481 1240 702 1304 substantiam
724 1255 901 1307 succorum
924 1234 1119 1318 penetrandi
1152 1234 1204 1299 vis
1310 1304 1313 1310 ,

178 1343 393 1418 dissolverit,
422 1344 522 1408 iidem
550 1345 641 1409 succi
665 1346 719 1410 vel
742 1351 830 1408 terra
853 1343 965 1409 hausti
997 1340 1203 1421 reliquerunt

177 1451 338 1512 testarum
353 1446 461 1527 spatia
471 1465 580 1512 vacua
597 1444 699 1532 (quae
717 1465 778 1529 ago
795 1452 897 1513 testas
911 1462 1025 1511 aereas
1036 1440 1202 1527 appello),

177 1552 231 1616 vel
251 1569 341 1617 nova
363 1552 540 1633 accedente
559 1553 699 1618 materia
722 1551 855 1617 alterati
878 1568 938 1631 pro
959 1548 1107 1614 eiusdem
1130 1563 1204 1610 ma-

176 1657 280 1720 teriae
302 1658 465 1721 varietate
488 1657 604 1722 eadem
626 1662 787 1722 testarum
811 1656 918 1738 spatia
940 1656 993 1721 vel
1020 1653 1203 1734 crystallis,

177 1761 232 1824 vel
253 1778 435 1836 marmore,
457 1763 511 1826 vel
534 1762 643 1843 lapide
659 1763 854 1843 implevere3
871 1760 960 1825 unde
975 1764 1088 1824 ortum
1103 1760 1204 1823 habet

178 1867 355 1932 marmoris
377 1869 434 1933 illa
457 1869 681 1949 pulcherrima
703 1868 841 1948 species,
859 1883 962 1947 quam
980 1865 1117 1947 Nephiri
1141 1881 1201 1945 ap-

178 1972 318 2052 pellant,
347 1990 497 2054 quaeque
526 1972 618 2037 allud
639 1973 722 2036 nihil
752 1975 816 2045 est,
847 1988 950 2052 quam
980 1970 1200 2034 sedimeutum

177 2077 281 2141 maris
303 2077 411 2140 omnis
431 2077 561 2158 generis
583 2077 676 2143 testis
690 2077 843 2158 plenum,
861 2076 919 2141 ubi
937 2079 1135 2156 consumpta
1151 2079 1201 2138 te-

177 2189 305 2249 starum
334 2185 534 2260 substantia,
556 2184 686 2266 lapidea
713 2183 899 2250 substantia
928 2183 964 2247 in
993 2182 1106 2247 locum
1131 2181 1203 2246 eius

175 2291 345 2354 successit.

223 2464 225 2466 ,
267 2393 340 2461 Non
380 2395 507 2476 patitur
529 2394 687 2460 instituti
719 2394 785 2459 mei
812 2393 973 2470 brevitas,
1000 2399 1040 2459 ut
1066 2391 1204 2457 alierum

176 2497 330 2562 omnium
348 2498 483 2562 illorum
501 2498 769 2580 descriptionem,
790 2513 877 2579 quae
894 2495 929 2560 in
946 2496 1087 2579 singulis
1100 2493 1205 2561 testa-

178 2621 254 2666 rum
277 2620 296 2666 e
319 2604 415 2668 terris
436 2609 609 2670 erutarum
636 2604 813 2686 generibus
833 2606 953 2668 notatu
975 2602 1077 2685 digna
1090 2603 1206 2667 obser-

178 2707 277 2770 vavi:
302 2709 482 2788 quocirca,
506 2710 616 2774 missis
639 2710 736 2785 aliis,
759 2712 830 2775 sola
853 2710 1025 2793 sequentia
1045 2710 1111 2773 huc
1148 2726 1203 2771 re-

178 2813 294 2877 feram.
900 2839 903 2844 ·

269 2918 297 2981 1.
321 2918 491 2984 Concham
512 2923 791 3004 margaritiferam
814 2924 849 2986 in
867 2921 1004 2987 Etruria
1021 2927 1202 3002 repertam,

177 3027 379 3093 adhaerente
398 3029 460 3110 ipsi
474 3031 622 3094 conchae
642 3031 835 3112 margarita.

264 3130 296 3193 2.
307 3132 432 3198 Pinnae
443 3134 593 3198 marinae
604 3134 739 3199 maioris
757 3141 902 3215 partem,
912 3134 986 3207 ubi,
1000 3140 1199 3215 consumpta

176 3238 284 3312 hisso,
318 3239 409 3303 color
442 3239 520 3303 bissi
553 3241 713 3304 remansit
747 3240 782 3303 iu
817 3241 958 3305 materia
984 3240 1043 3303 illa
1077 3246 1201 3314 terrea,

175 3361 262 3423 quae
277 3345 442 3408 concham
458 3346 653 3427 repleverat.

267 3444 298 3510 3.
316 3445 509 3513 Ostreorum
519 3451 624 3514 mirae
636 3450 874 3532 magnitudinis
891 3456 1013 3524 testae,
1029 3451 1064 3512 iu
1081 3449 1202 3531 quibus

177 3553 288 3631 plures
311 3572 475 3620 cavernae
490 3557 650 3638 oblongae
671 3573 690 3619 a
710 3557 880 3622 vermibus
896 3574 1015 3620 exesae
1032 3555 1204 3638 reperiun-

177 3661 248 3731 tur,
267 3658 334 3721 illis
364 3658 501 3724 omniuo
527 3660 665 3735 similes,
680 3650 764 3742 quos
781 3659 944 3740 in-lapide
969 3659 1203 3734 Anconitano,

177 3760 411 3843 Neapolitano,
428 3771 462 3829 et
477 3764 590 3830 Siculo
608 3771 737 3832 certum
756 3783 860 3847 genus
879 3767 1087 3833 concharum
1105 3765 1203 3830 inha-

176 3867 274 3941 hitat;
288 3885 373 3948 quae
396 3869 544 3951 lapidum
562 3871 727 3935 cavitates
741 3870 805 3936 nisi
825 3871 866 3937 ab
881 3871 1016 3938 insectis
1031 3870 1129 3936 nidos
1150 3871 1202 3934 ia·
1259 3932 1264 3941 s

176 3969 382 4036 bricantibus
404 3989 422 4034 e
446 3972 517 4038 luto
539 3974 701 4038 formatae
724 3975 846 4041 fuerim
874 3970 987 4058 (quod
1016 3974 1076 4041 vix
1092 3971 1201 4037 credi·

70 4099 74 4103 ·
176 4074 295 4151 deum,
328 4095 407 4142 cum
430 4079 501 4160 ipsa
534 4080 636 4144 medii
658 4081 731 4146 saxi
765 4081 971 4157 substantia,
1002 4081 1059 4148 ubi
1092 4080 1203 4145 nullae

176 4185 341 4250 cavitates
363 4189 592 4268 reperiuntur,
613 4191 729 4257 eadem
752 4192 793 4257 sit
808 4210 887 4258 cum
904 4190 1093 4257 substantia
1113 4189 1209 4254 eavi-

908 4305 922 4351 :t
