2752 4792
668 477 711 544 nt

177 640 304 708 riorum
337 642 487 706 locorum
522 643 556 705 in
591 643 765 709 itineribus
799 641 943 716 Bacchi,
978 641 1195 725 Triptolemi,

180 748 317 824 Ulissis‚
339 747 471 822 Eneac,
495 748 702 829 aliorumque
725 747 902 830 descriptio
922 764 1026 823 rere,
1046 747 1124 813 licet
1142 766 1197 813 re-

175 855 236 919 bus
258 853 356 918 bodie
373 852 627 918 occurrentibus
643 868 710 918 non
722 853 935 935 respondeat.
958 852 1196 936 Pictorumque

175 958 421 1030 mutationum,
444 973 530 1038 quae
548 957 583 1020 iu
601 956 738 1021 Etruria
756 955 967 1038 contigerunt
980 958 1053 1020 toto
1075 955 1196 1038 spatio,

175 1063 263 1144 quod
278 1063 407 1128 Arnum
425 1062 526 1137 inter,
548 1066 582 1124 et
600 1061 756 1143 Tyberim
774 1060 1000 1143 intercipitur,
1022 1061 1194 1127 evidentes

175 1165 476 1232 demonstrationes
493 1165 529 1228 in
547 1165 619 1246 ipsa
638 1163 868 1230 mortuam
887 1165 1046 1243 atteram,
1066 1169 1102 1232 et
1117 1165 1197 1230 licet

177 1274 328 1350 tempus,
349 1284 418 1350 quo
436 1267 585 1348 singulae
603 1267 803 1349 contigerint
820 1264 983 1348 assignari
996 1284 1064 1333 non
1080 1265 1197 1350 possit,

175 1373 234 1436 illa
254 1378 368 1438 tamen
388 1389 431 1435 ex
453 1371 591 1436 bistoriu
613 1371 730 1436 ltaliae
752 1376 949 1454 argumenta
971 1372 1130 1447 atteram,
1152 1377 1192 1438 ut

174 1480 305 1544 nullum
326 1477 388 1542 ulli
409 1477 548 1543 dubium
572 1478 789 1559 relinquatur.

264 1583 373 1664 Atque
404 1583 487 1647 baec
521 1583 692 1658 succinta,
725 1599 767 1646 ne
800 1584 938 1660 dicam,
972 1584 1194 1651 tumultuaria

175 1685 293 1750 relatio
314 1690 364 1751 est
385 1691 498 1750 rerurn
536 1686 812 1769 praecipuarum,
844 1702 930 1768 quae
963 1688 998 1751 in
1021 1688 1093 1771 ipsa
1116 1685 1194 1749 Dte·-

175 1788 345 1851 scrtutioue
368 1794 441 1853 tum
468 1787 678 1864 distinctius,
699 1795 772 1855 tum
808 1789 916 1856 insius
946 1807 1110 1873 exponere
1132 1791 1193 1855 de-

175 1912 369 1969 creveram,
391 1894 506 1959 addita
527 1895 677 1959 locorum
706 1895 946 1991 descriptione,
975 1898 1033 1964 ubi
1062 1898 1194 1982 singula

179 1997 355 2061 observavi
376 1991 435 2082 (1).

257 2271 294 2331 (t)
312 2271 462 2324 boiendnm
480 2272 522 2325 est
538 2275 660 2328 omisisse
675 2277 814 2328 auctorem
831 2272 970 2342 in'vulgus
987 2275 1102 2340 prodere
1113 2283 1196 2338 opus,

174 2349 247 2408 quod
263 2349 306 2401 bic
322 2351 453 2411 potitcttue
467 2353 572 2416 tuerat,
590 2355 709 2417 nibtiuue
724 2356 758 2406 ad
775 2367 824 2407 nos
841 2356 996 2418 pervenisse
1016 2356 1068 2408 nist
1084 2349 1194 2418 prodrol

175 2438 252 2479 moin
268 2429 390 2489 eiusdem
408 2431 624 2495 litseartaitonts,
640 2435 703 2496 uni,
720 2435 751 2487 nt
765 2435 818 2487 atta
833 2445 915 2496 opera
930 2434 1010 2496 bolus
1031 2434 1201 2498 uramini

176 2506 290 2559 naturae
307 2508 525 2575 investigatoris,
542 2522 642 2564 nornen
658 2512 728 2565 littus
744 2513 837 2567 tardae
852 2513 1003 2577 posteritati
1013 2511 1194 2567 commendat.
