<?xml version="1.0" encoding="UTF-8"?>
<!DOCTYPE html PUBLIC "-//W3C//DTD XHTML 1.0 Transitional//EN"
    "http://www.w3.org/TR/xhtml1/DTD/xhtml1-transitional.dtd">
<html xmlns="http://www.w3.org/1999/xhtml" xml:lang="en" lang="en">
 <head>
  <title>
</title>
<meta http-equiv="Content-Type" content="text/html;charset=utf-8" />
  <meta name='ocr-system' content='tesseract 3.04.00' />
  <meta name='ocr-capabilities' content='ocr_page ocr_carea ocr_par ocr_line ocrx_word'/>
</head>
<body>
  <div class='ocr_page' id='page_1' title='image "./edissertationen00stengoog_0033.png"; bbox 0 0 2752 4792; ppageno 0'>
   <div class='ocr_carea' id='block_1_1' title="bbox 674 430 718 497">
    <p class='ocr_par' dir='ltr' id='par_1_1' title="bbox 674 430 718 497">
     <span class='ocr_line' id='line_1_1' title="bbox 674 430 718 497; baseline 0.045 -2"><span class='ocrx_word' id='word_1_1' title='bbox 674 430 718 497; x_wconf 67' lang='lat' dir='ltr'><strong>2AE</strong></span> 
     </span>
    </p>
   </div>
   <div class='ocr_carea' id='block_1_2' title="bbox 186 587 1209 1307">
    <p class='ocr_par' dir='ltr' id='par_1_2' title="bbox 186 587 1209 1307">
     <span class='ocr_line' id='line_1_2' title="bbox 189 587 1208 679; baseline 0.011 -27"><span class='ocrx_word' id='word_1_2' title='bbox 189 587 388 672; x_wconf 85' lang='lat' dir='ltr'><strong>easdemque</strong></span> <span class='ocrx_word' id='word_1_3' title='bbox 399 593 490 660; x_wconf 83' lang='lat' dir='ltr'><strong>vires</strong></span> <span class='ocrx_word' id='word_1_4' title='bbox 502 595 593 661; x_wconf 91' lang='lat' dir='ltr'><strong>uitro</strong></span> <span class='ocrx_word' id='word_1_5' title='bbox 609 599 891 666; x_wconf 63' lang='lat' dir='ltr'><strong>concederemus?</strong></span> <span class='ocrx_word' id='word_1_6' title='bbox 918 599 965 663; x_wconf 85' lang='lat' dir='ltr'><strong>lie</strong></span> <span class='ocrx_word' id='word_1_7' title='bbox 984 600 1132 679; x_wconf 88' lang='lat' dir='ltr'><strong>tempore</strong></span> <span class='ocrx_word' id='word_1_8' title='bbox 1153 596 1208 662; x_wconf 84' lang='lat' dir='ltr'><strong>di-</strong></span> 
     </span>
     <span class='ocr_line' id='line_1_3' title="bbox 188 691 1208 790; baseline 0.009 -36"><span class='ocrx_word' id='word_1_9' title='bbox 188 691 273 767; x_wconf 88' lang='lat' dir='ltr'><strong>luvii</strong></span> <span class='ocrx_word' id='word_1_10' title='bbox 294 695 494 763; x_wconf 88' lang='lat' dir='ltr'><strong>universalis</strong></span> <span class='ocrx_word' id='word_1_11' title='bbox 516 698 684 766; x_wconf 82' lang='lat' dir='ltr'><strong>Historiae</strong></span> <span class='ocrx_word' id='word_1_12' title='bbox 703 701 823 767; x_wconf 80' lang='lat' dir='ltr'><strong>Sacrae</strong></span> <span class='ocrx_word' id='word_1_13' title='bbox 839 702 955 767; x_wconf 87' lang='lat' dir='ltr'><strong>omnia</strong></span> <span class='ocrx_word' id='word_1_14' title='bbox 973 700 1208 790; x_wconf 65' lang='lat' dir='ltr'><strong>minutim‘re-</strong></span> 
     </span>
     <span class='ocr_line' id='line_1_4' title="bbox 186 796 1209 889; baseline 0.017 -33"><span class='ocrx_word' id='word_1_15' title='bbox 186 796 334 862; x_wconf 87' lang='lat' dir='ltr'><strong>censenti</strong></span> <span class='ocrx_word' id='word_1_16' title='bbox 345 797 490 869; x_wconf 81' lang='lat' dir='ltr'><strong>historia</strong></span> <span class='ocrx_word' id='word_1_17' title='bbox 503 804 644 885; x_wconf 82' lang='lat' dir='ltr'><strong>prolana</strong></span> <span class='ocrx_word' id='word_1_18' title='bbox 657 822 726 870; x_wconf 89' lang='lat' dir='ltr'><strong>non</strong></span> <span class='ocrx_word' id='word_1_19' title='bbox 736 811 909 889; x_wconf 77' lang='lat' dir='ltr'><strong>repugnat.</strong></span> <span class='ocrx_word' id='word_1_20' title='bbox 924 806 1091 889; x_wconf 73' lang='lat' dir='ltr'><strong>Antiquae</strong></span> <span class='ocrx_word' id='word_1_21' title='bbox 1109 806 1209 873; x_wconf 84' lang='lat' dir='ltr'><strong>urbes</strong></span> 
     </span>
     <span class='ocr_line' id='line_1_5' title="bbox 189 897 1209 985; baseline 0.011 -22"><span class='ocrx_word' id='word_1_22' title='bbox 189 897 345 966; x_wconf 81' lang='lat' dir='ltr'><strong>Etruriae</strong></span> <span class='ocrx_word' id='word_1_23' title='bbox 361 906 492 973; x_wconf 85' lang='lat' dir='ltr'><strong>natales</strong></span> <span class='ocrx_word' id='word_1_24' title='bbox 501 924 584 975; x_wconf 90' lang='lat' dir='ltr'><strong>suos</strong></span> <span class='ocrx_word' id='word_1_25' title='bbox 599 910 690 975; x_wconf 86' lang='lat' dir='ltr'><strong>ultra</strong></span> <span class='ocrx_word' id='word_1_26' title='bbox 707 916 759 975; x_wconf 86' lang='lat' dir='ltr'><strong>ter</strong></span> <span class='ocrx_word' id='word_1_27' title='bbox 775 910 868 976; x_wconf 90' lang='lat' dir='ltr'><strong>mille</strong></span> <span class='ocrx_word' id='word_1_28' title='bbox 886 927 993 977; x_wconf 86' lang='lat' dir='ltr'><strong>annos</strong></span> <span class='ocrx_word' id='word_1_29' title='bbox 1004 911 1209 985; x_wconf 83' lang='lat' dir='ltr'><strong>extendunt,</strong></span> 
     </span>
     <span class='ocr_line' id='line_1_6' title="bbox 187 1013 1208 1099; baseline 0.008 -28"><span class='ocrx_word' id='word_1_30' title='bbox 187 1023 330 1087; x_wconf 86' lang='lat' dir='ltr'><strong>quarum</strong></span> <span class='ocrx_word' id='word_1_31' title='bbox 338 1013 519 1079; x_wconf 90' lang='lat' dir='ltr'><strong>nonnullae</strong></span> <span class='ocrx_word' id='word_1_32' title='bbox 529 1014 564 1078; x_wconf 95' lang='lat' dir='ltr'><strong>in</strong></span> <span class='ocrx_word' id='word_1_33' title='bbox 574 1015 843 1082; x_wconf 85' lang='lat' dir='ltr'><strong>collibusamari</strong></span> <span class='ocrx_word' id='word_1_34' title='bbox 853 1016 1025 1099; x_wconf 88' lang='lat' dir='ltr'><strong>productis</strong></span> <span class='ocrx_word' id='word_1_35' title='bbox 1034 1021 1208 1082; x_wconf 81' lang='lat' dir='ltr'><strong>extructae</strong></span> 
     </span>
     <span class='ocr_line' id='line_1_7' title="bbox 187 1109 1208 1202; baseline 0.009 -28"><span class='ocrx_word' id='word_1_36' title='bbox 187 1116 279 1188; x_wconf 87' lang='lat' dir='ltr'><strong>sunt;</strong></span> <span class='ocrx_word' id='word_1_37' title='bbox 302 1115 338 1179; x_wconf 93' lang='lat' dir='ltr'><strong>in</strong></span> <span class='ocrx_word' id='word_1_38' title='bbox 356 1115 461 1198; x_wconf 83' lang='lat' dir='ltr'><strong>Lydia</strong></span> <span class='ocrx_word' id='word_1_39' title='bbox 480 1123 593 1184; x_wconf 87' lang='lat' dir='ltr'><strong>autem</strong></span> <span class='ocrx_word' id='word_1_40' title='bbox 614 1120 759 1185; x_wconf 89' lang='lat' dir='ltr'><strong>vicinius</strong></span> <span class='ocrx_word' id='word_1_41' title='bbox 774 1120 818 1186; x_wconf 93' lang='lat' dir='ltr'><strong>ad</strong></span> <span class='ocrx_word' id='word_1_42' title='bbox 835 1109 979 1202; x_wconf 83' lang='lat' dir='ltr'><strong>quatuor</strong></span> <span class='ocrx_word' id='word_1_43' title='bbox 995 1119 1086 1185; x_wconf 91' lang='lat' dir='ltr'><strong>mille</strong></span> <span class='ocrx_word' id='word_1_44' title='bbox 1104 1136 1208 1183; x_wconf 86' lang='lat' dir='ltr'><strong>annos</strong></span> 
     </span>
     <span class='ocr_line' id='line_1_8' title="bbox 189 1217 1209 1307; baseline 0.008 -29"><span class='ocrx_word' id='word_1_45' title='bbox 189 1217 396 1297; x_wconf 78' lang='lat' dir='ltr'><strong>accedimus,</strong></span> <span class='ocrx_word' id='word_1_46' title='bbox 416 1227 467 1287; x_wconf 60' lang='lat' dir='ltr'><strong>‘ut</strong></span> <span class='ocrx_word' id='word_1_47' title='bbox 489 1223 566 1287; x_wconf 89' lang='lat' dir='ltr'><strong>inde</strong></span> <span class='ocrx_word' id='word_1_48' title='bbox 597 1225 753 1307; x_wconf 79' lang='lat' dir='ltr'><strong>colligere</strong></span> <span class='ocrx_word' id='word_1_49' title='bbox 782 1225 903 1301; x_wconf 88' lang='lat' dir='ltr'><strong>liceat,</strong></span> <span class='ocrx_word' id='word_1_50' title='bbox 929 1231 1061 1306; x_wconf 86' lang='lat' dir='ltr'><strong>tempus</strong></span> <span class='ocrx_word' id='word_1_51' title='bbox 1094 1240 1209 1303; x_wconf 88' lang='lat' dir='ltr'><strong>quoa</strong></span> 
     </span>
    </p>
   </div>
   <div class='ocr_carea' id='block_1_3' title="bbox 83 1324 1213 1949">
    <p class='ocr_par' dir='ltr' id='par_1_3' title="bbox 83 1324 1213 1949">
     <span class='ocr_line' id='line_1_9' title="bbox 187 1324 1210 1407; baseline 0.005 -23"><span class='ocrx_word' id='word_1_52' title='bbox 187 1337 279 1386; x_wconf 88' lang='lat' dir='ltr'><strong>mare</strong></span> <span class='ocrx_word' id='word_1_53' title='bbox 301 1324 459 1390; x_wconf 86' lang='lat' dir='ltr'><strong>derelicta</strong></span> <span class='ocrx_word' id='word_1_54' title='bbox 480 1327 712 1401; x_wconf 83' lang='lat' dir='ltr'><strong>terra-luerit,</strong></span> <span class='ocrx_word' id='word_1_55' title='bbox 734 1327 937 1403; x_wconf 80' lang='lat' dir='ltr'><strong>conveniens</strong></span> <span class='ocrx_word' id='word_1_56' title='bbox 953 1343 1024 1391; x_wconf 89' lang='lat' dir='ltr'><strong>esse</strong></span> <span class='ocrx_word' id='word_1_57' title='bbox 1047 1325 1210 1407; x_wconf 90' lang='lat' dir='ltr'><strong>tempori,</strong></span> 
     </span>
     <span class='ocr_line' id='line_1_10' title="bbox 186 1433 1212 1516; baseline 0.002 -18"><span class='ocrx_word' id='word_1_58' title='bbox 186 1435 282 1500; x_wconf 91' lang='lat' dir='ltr'><strong>cuius</strong></span> <span class='ocrx_word' id='word_1_59' title='bbox 303 1433 476 1516; x_wconf 81' lang='lat' dir='ltr'><strong>Scriptura</strong></span> <span class='ocrx_word' id='word_1_60' title='bbox 498 1436 660 1501; x_wconf 88' lang='lat' dir='ltr'><strong>meminit.</strong></span> <span class='ocrx_word' id='word_1_61' title='bbox 683 1434 782 1512; x_wconf 84' lang='lat' dir='ltr'><strong>Quod</strong></span> <span class='ocrx_word' id='word_1_62' title='bbox 815 1437 954 1502; x_wconf 91' lang='lat' dir='ltr'><strong>modum</strong></span> <span class='ocrx_word' id='word_1_63' title='bbox 991 1434 1212 1500; x_wconf 88' lang='lat' dir='ltr'><strong>crescentium</strong></span> 
     </span>
     <span class='ocr_line' id='line_1_11' title="bbox 187 1540 1212 1624; baseline -0.002 -20"><span class='ocrx_word' id='word_1_64' title='bbox 187 1557 350 1620; x_wconf 86' lang='lat' dir='ltr'><strong>aquarum</strong></span> <span class='ocrx_word' id='word_1_65' title='bbox 383 1547 539 1622; x_wconf 72' lang='lat' dir='ltr'><strong>spectat,</strong></span> <span class='ocrx_word' id='word_1_66' title='bbox 566 1543 678 1608; x_wconf 88' lang='lat' dir='ltr'><strong>varios</strong></span> <span class='ocrx_word' id='word_1_67' title='bbox 714 1542 841 1607; x_wconf 79' lang='lat' dir='ltr'><strong>afferre</strong></span> <span class='ocrx_word' id='word_1_68' title='bbox 867 1558 1040 1624; x_wconf 78' lang='lat' dir='ltr'><strong>peccemus</strong></span> <span class='ocrx_word' id='word_1_69' title='bbox 1063 1540 1212 1607; x_wconf 83' lang='lat' dir='ltr'><strong>Naturae</strong></span> 
     </span>
     <span class='ocr_line' id='line_1_12' title="bbox 83 1630 1213 1730; baseline -0.004 -18"><span class='ocrx_word' id='word_1_70' title='bbox 83 1630 89 1650; x_wconf 79' lang='lat'><em>&#39;</em></span> <span class='ocrx_word' id='word_1_71' title='bbox 186 1649 315 1730; x_wconf 77' lang='lat' dir='ltr'><strong>iegibus</strong></span> <span class='ocrx_word' id='word_1_72' title='bbox 335 1640 582 1713; x_wconf 88' lang='lat' dir='ltr'><strong>convenientes.</strong></span> <span class='ocrx_word' id='word_1_73' title='bbox 605 1647 752 1726; x_wconf 88' lang='lat' dir='ltr'><strong>Quodsi</strong></span> <span class='ocrx_word' id='word_1_74' title='bbox 775 1649 851 1730; x_wconf 89' lang='lat' dir='ltr'><strong>quis</strong></span> <span class='ocrx_word' id='word_1_75' title='bbox 883 1648 1033 1722; x_wconf 82' lang='lat' dir='ltr'><strong>dixerit,</strong></span> <span class='ocrx_word' id='word_1_76' title='bbox 1065 1647 1101 1710; x_wconf 92' lang='lat' dir='ltr'><strong>in</strong></span> <span class='ocrx_word' id='word_1_77' title='bbox 1121 1650 1213 1710; x_wconf 85' lang='lat' dir='ltr'><strong>terra</strong></span> 
     </span>
     <span class='ocr_line' id='line_1_13' title="bbox 186 1751 1212 1835; baseline -0.007 -17"><span class='ocrx_word' id='word_1_78' title='bbox 186 1759 339 1818; x_wconf 90' lang='lat' dir='ltr'><strong>centrum</strong></span> <span class='ocrx_word' id='word_1_79' title='bbox 360 1753 538 1835; x_wconf 80' lang='lat' dir='ltr'><strong>gravitatis</strong></span> <span class='ocrx_word' id='word_1_80' title='bbox 558 1771 626 1817; x_wconf 91' lang='lat' dir='ltr'><strong>non</strong></span> <span class='ocrx_word' id='word_1_81' title='bbox 648 1770 777 1834; x_wconf 86' lang='lat' dir='ltr'><strong>semper</strong></span> <span class='ocrx_word' id='word_1_82' title='bbox 799 1752 888 1815; x_wconf 91' lang='lat' dir='ltr'><strong>idem</strong></span> <span class='ocrx_word' id='word_1_83' title='bbox 906 1768 978 1815; x_wconf 91' lang='lat' dir='ltr'><strong>esse</strong></span> <span class='ocrx_word' id='word_1_84' title='bbox 1001 1767 1080 1815; x_wconf 91' lang='lat' dir='ltr'><strong>cum</strong></span> <span class='ocrx_word' id='word_1_85' title='bbox 1097 1751 1212 1812; x_wconf 90' lang='lat' dir='ltr'><strong>centro</strong></span> 
     </span>
     <span class='ocr_line' id='line_1_14' title="bbox 187 1852 1213 1949; baseline -0.01 -27"><span class='ocrx_word' id='word_1_86' title='bbox 187 1859 336 1940; x_wconf 75' lang='lat' dir='ltr'><strong>figurae,</strong></span> <span class='ocrx_word' id='word_1_87' title='bbox 358 1857 415 1921; x_wconf 88' lang='lat' dir='ltr'><strong>sed</strong></span> <span class='ocrx_word' id='word_1_88' title='bbox 437 1856 536 1921; x_wconf 90' lang='lat' dir='ltr'><strong>modo</strong></span> <span class='ocrx_word' id='word_1_89' title='bbox 554 1857 597 1920; x_wconf 90' lang='lat' dir='ltr'><strong>ab</strong></span> <span class='ocrx_word' id='word_1_90' title='bbox 618 1874 699 1931; x_wconf 90' lang='lat' dir='ltr'><strong>una,</strong></span> <span class='ocrx_word' id='word_1_91' title='bbox 717 1855 878 1949; x_wconf 36' lang='lat' dir='ltr'><strong>mcdo&#39;ah</strong></span> <span class='ocrx_word' id='word_1_92' title='bbox 897 1854 1003 1918; x_wconf 89' lang='lat' dir='ltr'><strong>altera</strong></span> <span class='ocrx_word' id='word_1_93' title='bbox 1025 1852 1098 1918; x_wconf 89' lang='lat' dir='ltr'><strong>cius</strong></span> <span class='ocrx_word' id='word_1_94' title='bbox 1118 1855 1213 1934; x_wconf 87' lang='lat' dir='ltr'><strong>parte</strong></span> 
     </span>
    </p>
   </div>
   <div class='ocr_carea' id='block_1_4' title="bbox 187 1959 1218 3519">
    <p class='ocr_par' dir='ltr' id='par_1_4' title="bbox 187 1959 1218 3519">
     <span class='ocr_line' id='line_1_15' title="bbox 188 1959 1214 2046; baseline -0.01 -16"><span class='ocrx_word' id='word_1_95' title='bbox 188 1966 357 2041; x_wconf 87' lang='lat' dir='ltr'><strong>recedere,</strong></span> <span class='ocrx_word' id='word_1_96' title='bbox 378 1969 478 2046; x_wconf 88' lang='lat' dir='ltr'><strong>prout</strong></span> <span class='ocrx_word' id='word_1_97' title='bbox 495 1964 658 2029; x_wconf 86' lang='lat' dir='ltr'><strong>cavitates</strong></span> <span class='ocrx_word' id='word_1_98' title='bbox 677 1963 917 2028; x_wconf 83' lang='lat' dir='ltr'><strong>subterraneae</strong></span> <span class='ocrx_word' id='word_1_99' title='bbox 933 1960 1021 2027; x_wconf 85' lang='lat' dir='ltr'><strong>varii</strong></span> <span class='ocrx_word' id='word_1_100' title='bbox 1039 1959 1122 2029; x_wconf 89' lang='lat' dir='ltr'><strong>locis</strong></span> <span class='ocrx_word' id='word_1_101' title='bbox 1138 1974 1214 2022; x_wconf 88' lang='lat' dir='ltr'><strong>cre-</strong></span> 
     </span>
     <span class='ocr_line' id='line_1_16' title="bbox 187 2063 1214 2145; baseline -0.01 -9"><span class='ocrx_word' id='word_1_102' title='bbox 187 2071 320 2145; x_wconf 85' lang='lat' dir='ltr'><strong>verint,</strong></span> <span class='ocrx_word' id='word_1_103' title='bbox 354 2069 486 2135; x_wconf 87' lang='lat' dir='ltr'><strong>iacilem</strong></span> <span class='ocrx_word' id='word_1_104' title='bbox 521 2069 686 2133; x_wconf 87' lang='lat' dir='ltr'><strong>rationem</strong></span> <span class='ocrx_word' id='word_1_105' title='bbox 718 2067 835 2132; x_wconf 83' lang='lat' dir='ltr'><strong>afferre</strong></span> <span class='ocrx_word' id='word_1_106' title='bbox 863 2067 964 2140; x_wconf 89' lang='lat' dir='ltr'><strong>licet,</strong></span> <span class='ocrx_word' id='word_1_107' title='bbox 989 2083 1050 2131; x_wconf 86' lang='lat' dir='ltr'><strong>cur</strong></span> <span class='ocrx_word' id='word_1_108' title='bbox 1071 2063 1214 2129; x_wconf 87' lang='lat' dir='ltr'><strong>liuidum</strong></span> 
     </span>
     <span class='ocr_line' id='line_1_17' title="bbox 187 2169 1214 2255; baseline -0.008 -15"><span class='ocrx_word' id='word_1_109' title='bbox 187 2176 283 2241; x_wconf 93' lang='lat' dir='ltr'><strong>initio</strong></span> <span class='ocrx_word' id='word_1_110' title='bbox 305 2173 417 2240; x_wconf 83' lang='lat' dir='ltr'><strong>rerum</strong></span> <span class='ocrx_word' id='word_1_111' title='bbox 439 2175 552 2239; x_wconf 90' lang='lat' dir='ltr'><strong>omnia</strong></span> <span class='ocrx_word' id='word_1_112' title='bbox 570 2179 684 2255; x_wconf 84' lang='lat' dir='ltr'><strong>tegens</strong></span> <span class='ocrx_word' id='word_1_113' title='bbox 704 2178 796 2238; x_wconf 90' lang='lat' dir='ltr'><strong>certa</strong></span> <span class='ocrx_word' id='word_1_114' title='bbox 815 2173 889 2239; x_wconf 90' lang='lat' dir='ltr'><strong>loca</strong></span> <span class='ocrx_word' id='word_1_115' title='bbox 906 2173 1004 2237; x_wconf 86' lang='lat' dir='ltr'><strong>arida</strong></span> <span class='ocrx_word' id='word_1_116' title='bbox 1026 2169 1214 2251; x_wconf 88' lang='lat' dir='ltr'><strong>reliquerit,</strong></span> 
     </span>
     <span class='ocr_line' id='line_1_18' title="bbox 187 2274 1215 2363; baseline -0.01 -16"><span class='ocrx_word' id='word_1_117' title='bbox 187 2276 374 2362; x_wconf 85' lang='lat' dir='ltr'><strong>iterumque</strong></span> <span class='ocrx_word' id='word_1_118' title='bbox 393 2281 529 2345; x_wconf 89' lang='lat' dir='ltr'><strong>redierit</strong></span> <span class='ocrx_word' id='word_1_119' title='bbox 540 2280 584 2344; x_wconf 88' lang='lat' dir='ltr'><strong>ad</strong></span> <span class='ocrx_word' id='word_1_120' title='bbox 598 2278 657 2343; x_wconf 88' lang='lat' dir='ltr'><strong>iiia</strong></span> <span class='ocrx_word' id='word_1_121' title='bbox 671 2279 867 2360; x_wconf 87' lang='lat' dir='ltr'><strong>occupanda</strong></span> <span class='ocrx_word' id='word_1_122' title='bbox 883 2274 943 2363; x_wconf 83' lang='lat'><strong>(1).</strong></span> <span class='ocrx_word' id='word_1_123' title='bbox 962 2276 1091 2342; x_wconf 86' lang='lat' dir='ltr'><strong>Eadem</strong></span> <span class='ocrx_word' id='word_1_124' title='bbox 1105 2274 1215 2341; x_wconf 83' lang='lat' dir='ltr'><strong>facili-</strong></span> 
     </span>
     <span class='ocr_line' id='line_1_19' title="bbox 187 2377 1215 2462; baseline -0.007 -14"><span class='ocrx_word' id='word_1_125' title='bbox 187 2389 256 2450; x_wconf 84' lang='lat' dir='ltr'><strong>tate</strong></span> <span class='ocrx_word' id='word_1_126' title='bbox 272 2384 461 2448; x_wconf 85' lang='lat' dir='ltr'><strong>universele</strong></span> <span class='ocrx_word' id='word_1_127' title='bbox 482 2382 648 2449; x_wconf 86' lang='lat' dir='ltr'><strong>diluvium</strong></span> <span class='ocrx_word' id='word_1_128' title='bbox 671 2380 869 2462; x_wconf 84' lang='lat' dir='ltr'><strong>explicatur,</strong></span> <span class='ocrx_word' id='word_1_129' title='bbox 885 2381 914 2443; x_wconf 91' lang='lat' dir='ltr'><strong>si</strong></span> <span class='ocrx_word' id='word_1_130' title='bbox 934 2380 1027 2443; x_wconf 89' lang='lat' dir='ltr'><strong>circa</strong></span> <span class='ocrx_word' id='word_1_131' title='bbox 1049 2377 1161 2459; x_wconf 78' lang='lat' dir='ltr'><strong>ignem</strong></span> <span class='ocrx_word' id='word_1_132' title='bbox 1179 2378 1215 2441; x_wconf 86' lang='lat' dir='ltr'><strong>in</strong></span> 
     </span>
     <span class='ocr_line' id='line_1_20' title="bbox 188 2483 1214 2573; baseline -0.007 -19"><span class='ocrx_word' id='word_1_133' title='bbox 188 2490 300 2555; x_wconf 91' lang='lat' dir='ltr'><strong>medio</strong></span> <span class='ocrx_word' id='word_1_134' title='bbox 320 2485 428 2555; x_wconf 87' lang='lat' dir='ltr'><strong>terrae</strong></span> <span class='ocrx_word' id='word_1_135' title='bbox 450 2506 613 2569; x_wconf 82' lang='lat' dir='ltr'><strong>equanam</strong></span> <span class='ocrx_word' id='word_1_136' title='bbox 638 2488 798 2573; x_wconf 76' lang='lat' dir='ltr'><strong>sphaera,</strong></span> <span class='ocrx_word' id='word_1_137' title='bbox 832 2492 890 2551; x_wconf 88' lang='lat' dir='ltr'><strong>aut</strong></span> <span class='ocrx_word' id='word_1_138' title='bbox 925 2486 1045 2551; x_wconf 85' lang='lat' dir='ltr'><strong>saltem</strong></span> <span class='ocrx_word' id='word_1_139' title='bbox 1067 2483 1214 2567; x_wconf 76' lang='lat' dir='ltr'><strong>ingentia</strong></span> 
     </span>
     <span class='ocr_line' id='line_1_21' title="bbox 191 2592 1215 2677; baseline -0.006 -17"><span class='ocrx_word' id='word_1_140' title='bbox 191 2596 402 2677; x_wconf 91' lang='lat' dir='ltr'><strong>receptacula</strong></span> <span class='ocrx_word' id='word_1_141' title='bbox 415 2593 714 2669; x_wconf 71' lang='lat' dir='ltr'><strong>constituerentum</strong></span> <span class='ocrx_word' id='word_1_142' title='bbox 732 2593 837 2665; x_wconf 89' lang='lat' dir='ltr'><strong>unde,</strong></span> <span class='ocrx_word' id='word_1_143' title='bbox 852 2594 976 2674; x_wconf 86' lang='lat' dir='ltr'><strong>absque</strong></span> <span class='ocrx_word' id='word_1_144' title='bbox 991 2592 1099 2657; x_wconf 89' lang='lat' dir='ltr'><strong>centri</strong></span> <span class='ocrx_word' id='word_1_145' title='bbox 1109 2595 1215 2665; x_wconf 88' lang='lat' dir='ltr'><strong>motu,</strong></span> 
     </span>
     <span class='ocr_line' id='line_1_22' title="bbox 194 2694 1215 2783; baseline -0.009 -16"><span class='ocrx_word' id='word_1_146' title='bbox 194 2704 342 2768; x_wconf 90' lang='lat' dir='ltr'><strong>inclusae</strong></span> <span class='ocrx_word' id='word_1_147' title='bbox 353 2718 459 2782; x_wconf 87' lang='lat' dir='ltr'><strong>aquae</strong></span> <span class='ocrx_word' id='word_1_148' title='bbox 474 2700 591 2766; x_wconf 84' lang='lat' dir='ltr'><strong>effusio</strong></span> <span class='ocrx_word' id='word_1_149' title='bbox 609 2700 728 2777; x_wconf 87' lang='lat' dir='ltr'><strong>deduci</strong></span> <span class='ocrx_word' id='word_1_150' title='bbox 747 2698 868 2781; x_wconf 89' lang='lat' dir='ltr'><strong>poterit</strong></span> <span class='ocrx_word' id='word_1_151' title='bbox 884 2694 943 2783; x_wconf 76' lang='lat'><strong>(2).</strong></span> <span class='ocrx_word' id='word_1_152' title='bbox 962 2697 1042 2774; x_wconf 90' lang='lat' dir='ltr'><strong>Sed,</strong></span> <span class='ocrx_word' id='word_1_153' title='bbox 1055 2702 1089 2762; x_wconf 91' lang='lat' dir='ltr'><strong>et</strong></span> <span class='ocrx_word' id='word_1_154' title='bbox 1106 2695 1215 2761; x_wconf 83' lang='lat' dir='ltr'><strong>facilis</strong></span> 
     </span>
     <span class='ocr_line' id='line_1_23' title="bbox 195 2803 1215 2890; baseline -0.008 -16"><span class='ocrx_word' id='word_1_155' title='bbox 195 2810 374 2875; x_wconf 88' lang='lat' dir='ltr'><strong>admodum</strong></span> <span class='ocrx_word' id='word_1_156' title='bbox 390 2823 529 2890; x_wconf 91' lang='lat' dir='ltr'><strong>sequens</strong></span> <span class='ocrx_word' id='word_1_157' title='bbox 545 2808 665 2873; x_wconf 87' lang='lat' dir='ltr'><strong>modus</strong></span> <span class='ocrx_word' id='word_1_158' title='bbox 680 2807 929 2881; x_wconf 84' lang='lat' dir='ltr'><strong>milri-videtur,</strong></span> <span class='ocrx_word' id='word_1_159' title='bbox 947 2823 1013 2886; x_wconf 91' lang='lat' dir='ltr'><strong>quo</strong></span> <span class='ocrx_word' id='word_1_160' title='bbox 1026 2809 1059 2870; x_wconf 89' lang='lat' dir='ltr'><strong>et</strong></span> <span class='ocrx_word' id='word_1_161' title='bbox 1073 2803 1215 2868; x_wconf 87' lang='lat' dir='ltr'><strong>vallium</strong></span> 
     </span>
     <span class='ocr_line' id='line_1_24' title="bbox 192 2898 1213 2996; baseline -0.006 -17"><span class='ocrx_word' id='word_1_162' title='bbox 192 2898 301 2979; x_wconf 87' lang='lat' dir='ltr'><strong>minor</strong></span> <span class='ocrx_word' id='word_1_163' title='bbox 322 2914 551 2996; x_wconf 82' lang='lat' dir='ltr'><strong>profunditas,</strong></span> <span class='ocrx_word' id='word_1_164' title='bbox 574 2919 608 2978; x_wconf 90' lang='lat' dir='ltr'><strong>et</strong></span> <span class='ocrx_word' id='word_1_165' title='bbox 631 2912 798 2978; x_wconf 88' lang='lat' dir='ltr'><strong>sufficiens</strong></span> <span class='ocrx_word' id='word_1_166' title='bbox 830 2912 1000 2994; x_wconf 83' lang='lat' dir='ltr'><strong>quantitas</strong></span> <span class='ocrx_word' id='word_1_167' title='bbox 1026 2926 1135 2992; x_wconf 85' lang='lat' dir='ltr'><strong>aquae</strong></span> <span class='ocrx_word' id='word_1_168' title='bbox 1159 2911 1213 2973; x_wconf 92' lang='lat' dir='ltr'><strong>in-</strong></span> 
     </span>
     <span class='ocr_line' id='line_1_25' title="bbox 192 3014 1216 3095; baseline -0.005 -14"><span class='ocrx_word' id='word_1_169' title='bbox 192 3017 395 3091; x_wconf 88' lang='lat' dir='ltr'><strong>veniuntur,</strong></span> <span class='ocrx_word' id='word_1_170' title='bbox 418 3016 512 3081; x_wconf 88' lang='lat' dir='ltr'><strong>nulla</strong></span> <span class='ocrx_word' id='word_1_171' title='bbox 533 3016 649 3081; x_wconf 88' lang='lat' dir='ltr'><strong>habita</strong></span> <span class='ocrx_word' id='word_1_172' title='bbox 669 3016 799 3080; x_wconf 90' lang='lat' dir='ltr'><strong>ratione</strong></span> <span class='ocrx_word' id='word_1_173' title='bbox 836 3015 963 3088; x_wconf 90' lang='lat' dir='ltr'><strong>centri,</strong></span> <span class='ocrx_word' id='word_1_174' title='bbox 988 3015 1042 3078; x_wconf 88' lang='lat' dir='ltr'><strong>vel</strong></span> <span class='ocrx_word' id='word_1_175' title='bbox 1066 3014 1216 3095; x_wconf 80' lang='lat' dir='ltr'><strong>figurae,</strong></span> 
     </span>
     <span class='ocr_line' id='line_1_26' title="bbox 192 3118 1217 3205; baseline -0.007 -18"><span class='ocrx_word' id='word_1_176' title='bbox 192 3124 246 3187; x_wconf 89' lang='lat' dir='ltr'><strong>vel</strong></span> <span class='ocrx_word' id='word_1_177' title='bbox 261 3123 446 3205; x_wconf 81' lang='lat' dir='ltr'><strong>gravitatis.</strong></span> <span class='ocrx_word' id='word_1_178' title='bbox 460 3118 558 3197; x_wconf 88' lang='lat' dir='ltr'><strong>Quod</strong></span> <span class='ocrx_word' id='word_1_179' title='bbox 573 3121 600 3184; x_wconf 92' lang='lat' dir='ltr'><strong>si</strong></span> <span class='ocrx_word' id='word_1_180' title='bbox 616 3121 705 3185; x_wconf 91' lang='lat' dir='ltr'><strong>enim</strong></span> <span class='ocrx_word' id='word_1_181' title='bbox 721 3120 968 3194; x_wconf 87' lang='lat' dir='ltr'><strong>admiserimus,</strong></span> <span class='ocrx_word' id='word_1_182' title='bbox 985 3118 1016 3182; x_wconf 93' lang='lat'><strong>1.</strong></span> <span class='ocrx_word' id='word_1_183' title='bbox 1032 3118 1217 3199; x_wconf 80' lang='lat' dir='ltr'><strong>Fragmen-</strong></span> 
     </span>
     <span class='ocr_line' id='line_1_27' title="bbox 193 3224 1218 3309; baseline -0.003 -17"><span class='ocrx_word' id='word_1_184' title='bbox 193 3230 237 3292; x_wconf 89' lang='lat' dir='ltr'><strong>tis</strong></span> <span class='ocrx_word' id='word_1_185' title='bbox 262 3225 483 3309; x_wconf 89' lang='lat' dir='ltr'><strong>quorumdam</strong></span> <span class='ocrx_word' id='word_1_186' title='bbox 518 3231 698 3291; x_wconf 88' lang='lat' dir='ltr'><strong>stratorum</strong></span> <span class='ocrx_word' id='word_1_187' title='bbox 732 3227 874 3308; x_wconf 90' lang='lat' dir='ltr'><strong>delapsis</strong></span> <span class='ocrx_word' id='word_1_188' title='bbox 909 3227 1083 3291; x_wconf 87' lang='lat' dir='ltr'><strong>obturatos</strong></span> <span class='ocrx_word' id='word_1_189' title='bbox 1115 3224 1218 3289; x_wconf 81' lang='lat' dir='ltr'><strong>fuisse</strong></span> 
     </span>
     <span class='ocr_line' id='line_1_28' title="bbox 193 3330 1216 3415; baseline -0.006 -16"><span class='ocrx_word' id='word_1_190' title='bbox 193 3340 345 3409; x_wconf 89' lang='lat' dir='ltr'><strong>meatus,</strong></span> <span class='ocrx_word' id='word_1_191' title='bbox 366 3352 425 3415; x_wconf 89' lang='lat' dir='ltr'><strong>per</strong></span> <span class='ocrx_word' id='word_1_192' title='bbox 446 3349 529 3413; x_wconf 91' lang='lat' dir='ltr'><strong>quos</strong></span> <span class='ocrx_word' id='word_1_193' title='bbox 552 3334 586 3395; x_wconf 95' lang='lat' dir='ltr'><strong>in</strong></span> <span class='ocrx_word' id='word_1_194' title='bbox 608 3340 715 3396; x_wconf 88' lang='lat' dir='ltr'><strong>terrae</strong></span> <span class='ocrx_word' id='word_1_195' title='bbox 737 3349 823 3395; x_wconf 86' lang='lat' dir='ltr'><strong>cava</strong></span> <span class='ocrx_word' id='word_1_196' title='bbox 857 3336 1034 3414; x_wconf 86' lang='lat' dir='ltr'><strong>penetrans</strong></span> <span class='ocrx_word' id='word_1_197' title='bbox 1056 3347 1149 3394; x_wconf 88' lang='lat' dir='ltr'><strong>mare</strong></span> <span class='ocrx_word' id='word_1_198' title='bbox 1172 3330 1216 3394; x_wconf 89' lang='lat' dir='ltr'><strong>ad</strong></span> 
     </span>
     <span class='ocr_line' id='line_1_29' title="bbox 193 3434 1216 3519; baseline -0.006 -16"><span class='ocrx_word' id='word_1_199' title='bbox 193 3439 338 3503; x_wconf 79' lang='lat' dir='ltr'><strong>fontium</strong></span> <span class='ocrx_word' id='word_1_200' title='bbox 362 3437 581 3519; x_wconf 85' lang='lat' dir='ltr'><strong>scaturigines</strong></span> <span class='ocrx_word' id='word_1_201' title='bbox 603 3454 724 3517; x_wconf 89' lang='lat' dir='ltr'><strong>aquam</strong></span> <span class='ocrx_word' id='word_1_202' title='bbox 756 3437 869 3501; x_wconf 87' lang='lat' dir='ltr'><strong>mittit.</strong></span> <span class='ocrx_word' id='word_1_203' title='bbox 894 3436 925 3498; x_wconf 75' lang='lat'><strong>2.</strong></span> <span class='ocrx_word' id='word_1_204' title='bbox 948 3437 1081 3516; x_wconf 81' lang='lat' dir='ltr'><strong>Aquam</strong></span> <span class='ocrx_word' id='word_1_205' title='bbox 1103 3434 1216 3500; x_wconf 90' lang='lat' dir='ltr'><strong>visce-</strong></span> 
     </span>
    </p>
   </div>
   <div class='ocr_carea' id='block_1_5' title="bbox 201 3713 1217 4176">
    <p class='ocr_par' dir='ltr' id='par_1_5' title="bbox 201 3713 1217 4008">
     <span class='ocr_line' id='line_1_30' title="bbox 284 3713 1217 3790; baseline -0.008 -20"><span class='ocrx_word' id='word_1_206' title='bbox 284 3713 1217 3790; x_wconf 58' lang='lat' dir='ltr'><strong>mmmmmfflmmmmmmfflmmmmmmm</strong></span> 
     </span>
     <span class='ocr_line' id='line_1_31' title="bbox 202 3794 1216 3860; baseline -0.007 -9"><span class='ocrx_word' id='word_1_207' title='bbox 202 3799 360 3860; x_wconf 80' lang='lat' dir='ltr'><strong>produxerit</strong></span> <span class='ocrx_word' id='word_1_208' title='bbox 382 3799 530 3859; x_wconf 87' lang='lat' dir='ltr'><strong>speciosam</strong></span> <span class='ocrx_word' id='word_1_209' title='bbox 556 3798 765 3860; x_wconf 81' lang='lat' dir='ltr'><strong>explicationem</strong></span> <span class='ocrx_word' id='word_1_210' title='bbox 783 3797 966 3848; x_wconf 88' lang='lat' dir='ltr'><strong>emersicuum</strong></span> <span class='ocrx_word' id='word_1_211' title='bbox 989 3795 1071 3856; x_wconf 90' lang='lat' dir='ltr'><strong>alque</strong></span> <span class='ocrx_word' id='word_1_212' title='bbox 1092 3794 1216 3845; x_wconf 83' lang='lat' dir='ltr'><strong>submer-</strong></span> 
     </span>
     <span class='ocr_line' id='line_1_32' title="bbox 201 3870 1215 3938; baseline -0.01 -9"><span class='ocrx_word' id='word_1_213' title='bbox 201 3881 306 3929; x_wconf 88' lang='lat' dir='ltr'><strong>sicnum</strong></span> <span class='ocrx_word' id='word_1_214' title='bbox 324 3876 476 3938; x_wconf 86' lang='lat' dir='ltr'><strong>terrarum,</strong></span> <span class='ocrx_word' id='word_1_215' title='bbox 491 3875 601 3938; x_wconf 89' lang='lat' dir='ltr'><strong>propter</strong></span> <span class='ocrx_word' id='word_1_216' title='bbox 611 3875 779 3929; x_wconf 85' lang='lat' dir='ltr'><strong>alternantes</strong></span> <span class='ocrx_word' id='word_1_217' title='bbox 789 3875 951 3926; x_wconf 83' lang='lat' dir='ltr'><strong>variationes</strong></span> <span class='ocrx_word' id='word_1_218' title='bbox 967 3873 1050 3923; x_wconf 90' lang='lat' dir='ltr'><strong>maris</strong></span> <span class='ocrx_word' id='word_1_219' title='bbox 1060 3872 1123 3921; x_wconf 91' lang='lat' dir='ltr'><strong>oiim</strong></span> <span class='ocrx_word' id='word_1_220' title='bbox 1139 3870 1215 3922; x_wconf 82' lang='lat' dir='ltr'><strong>obiu-</strong></span> 
     </span>
     <span class='ocr_line' id='line_1_33' title="bbox 205 3954 542 4008; baseline -0.003 -2"><span class='ocrx_word' id='word_1_221' title='bbox 205 3954 542 4008; x_wconf 60' lang='lat' dir='ltr'><strong>mmmmmoemms</strong></span> 
     </span>
    </p>

    <p class='ocr_par' dir='ltr' id='par_1_6' title="bbox 206 4027 1217 4176">
     <span class='ocr_line' id='line_1_34' title="bbox 284 4027 1215 4096; baseline -0.004 -15"><span class='ocrx_word' id='word_1_222' title='bbox 284 4032 490 4094; x_wconf 68' lang='lat' dir='ltr'><strong>(mactandam</strong></span> <span class='ocrx_word' id='word_1_223' title='bbox 510 4035 578 4096; x_wconf 78' lang='lat' dir='ltr'><strong>ignis</strong></span> <span class='ocrx_word' id='word_1_224' title='bbox 587 4035 755 4086; x_wconf 82' lang='lat' dir='ltr'><strong>subterranei</strong></span> <span class='ocrx_word' id='word_1_225' title='bbox 774 4035 801 4084; x_wconf 90' lang='lat' dir='ltr'><strong>in</strong></span> <span class='ocrx_word' id='word_1_226' title='bbox 811 4030 987 4094; x_wconf 86' lang='lat' dir='ltr'><strong>producendis</strong></span> <span class='ocrx_word' id='word_1_227' title='bbox 998 4027 1215 4087; x_wconf 82' lang='lat' dir='ltr'><strong>revolutionibus,</strong></span> 
     </span>
     <span class='ocr_line' id='line_1_35' title="bbox 206 4103 1217 4176; baseline -0.008 -12"><span class='ocrx_word' id='word_1_228' title='bbox 206 4123 276 4175; x_wconf 86' lang='lat' dir='ltr'><strong>quae</strong></span> <span class='ocrx_word' id='word_1_229' title='bbox 291 4113 405 4163; x_wconf 83' lang='lat' dir='ltr'><strong>Telluris</strong></span> <span class='ocrx_word' id='word_1_230' title='bbox 421 4114 516 4164; x_wconf 84' lang='lat' dir='ltr'><strong>taciem</strong></span> <span class='ocrx_word' id='word_1_231' title='bbox 537 4113 696 4176; x_wconf 87' lang='lat' dir='ltr'><strong>mutaruni,</strong></span> <span class='ocrx_word' id='word_1_232' title='bbox 718 4111 844 4165; x_wconf 88' lang='lat' dir='ltr'><strong>Sienonis</strong></span> <span class='ocrx_word' id='word_1_233' title='bbox 866 4103 1049 4171; x_wconf 89' lang='lat' dir='ltr'><strong>perspicuitati</strong></span> <span class='ocrx_word' id='word_1_234' title='bbox 1070 4105 1217 4157; x_wconf 83' lang='lat' dir='ltr'><strong>occurrisse</strong></span> 
     </span>
    </p>
   </div>
   <div class='ocr_carea' id='block_1_6' title="bbox 208 4190 516 4255">
    <p class='ocr_par' dir='ltr' id='par_1_7' title="bbox 208 4190 516 4255">
     <span class='ocr_line' id='line_1_36' title="bbox 208 4190 516 4255; baseline -0.016 -8"><span class='ocrx_word' id='word_1_235' title='bbox 208 4197 237 4247; x_wconf 90' lang='lat' dir='ltr'><strong>ei</strong></span> <span class='ocrx_word' id='word_1_236' title='bbox 254 4197 296 4246; x_wconf 78' lang='lat' dir='ltr'><strong>iric</strong></span> <span class='ocrx_word' id='word_1_237' title='bbox 312 4197 340 4247; x_wconf 86' lang='lat' dir='ltr'><strong>et</strong></span> <span class='ocrx_word' id='word_1_238' title='bbox 355 4195 417 4247; x_wconf 82' lang='lat' dir='ltr'><strong>aiibi</strong></span> <span class='ocrx_word' id='word_1_239' title='bbox 433 4190 516 4255; x_wconf 87' lang='lat' dir='ltr'><strong>patei.</strong></span> 
     </span>
    </p>
   </div>
   <div class='ocr_carea' id='block_1_7' title="bbox 0 0 1383 4792">
    <p class='ocr_par' dir='ltr' id='par_1_8' title="bbox 0 0 1383 4792">
     <span class='ocr_line' id='line_1_37' title="bbox 0 0 1383 4792; baseline 0 0"><span class='ocrx_word' id='word_1_240' title='bbox 0 0 1383 4792; x_wconf 95' lang='lat' dir='ltr'><strong> </strong></span> 
     </span>
    </p>
   </div>
  </div>
 </body>
</html>
