2752 4792
534 1996 557 2062 l.
587 1996 700 2064 Strata
726 2009 840 2064 terroe.

263 2325 315 2389 Ad
338 2325 522 2390 sedimento
544 2326 639 2392 tluidi
661 2330 770 2391 terrae
794 2328 899 2390 strata
921 2323 1099 2407 pertinent.

264 2431 294 2520 1„
328 2431 424 2509 Quod
461 2432 695 2514 pulverulenta
733 2431 874 2495 materia
911 2435 1092 2494 stratorum
1127 2449 1195 2496 non

174 2538 271 2602 aliter
293 2540 328 2601 in
351 2538 444 2602 illam
467 2539 610 2621 figuram
641 2537 745 2620 redigi
769 2537 934 2619 potuerit,
968 2536 1055 2610 nisi,
1092 2536 1195 2602 tluido

171 2644 305 2707 cuidam
342 2645 519 2720 immixta,
541 2650 574 2711 et
600 2645 734 2727 proprio
763 2643 909 2725 pondere
941 2642 1018 2706 inde
1040 2641 1196 2706 excidens

172 2748 320 2812 eiusdem
332 2750 655 2831 superincumbentis
667 2750 762 2815 fluidi
774 2755 868 2814 motu
879 2749 1059 2831 explanata
1069 2749 1195 2814 fnisset.

261 2853 293 2916 2.
317 2853 415 2931 Quod
437 2855 554 2920 iisdem
582 2858 695 2922 stratis
724 2859 882 2921 contenta
904 2855 1034 2919 maiora
1056 2872 1197 2936 corpora

171 2959 413 3041 utplurimum
436 2962 611 3044 gravitatis
633 2962 722 3044 leges
744 2961 941 3035 observent,
966 2966 1036 3024 tum
1059 2978 1126 3042 quo
1150 2961 1193 3024 ad

174 3061 275 3125 situm
298 3062 475 3128 cuiuslibet
507 3065 656 3146 corporis
681 3081 742 3145 per
764 3080 813 3136 se,
835 3067 907 3127 tum
935 3080 1001 3144 quo
1027 3065 1070 3128 ad
1096 3063 1197 3128 situm

169 3167 343 3232 variorum
365 3184 545 3250 corporum
569 3171 656 3234 inter
680 3186 724 3233 se.

260 3271 291 3336 3.
314 3273 411 3349 Quod
443 3276 678 3356 pulverulenta
707 3276 849 3339 materia
884 3280 1067 3341 stratorum
1091 3276 1139 3340 ita
1162 3293 1196 3340 se
1227 3344 1237 3355 ,
1300 3344 1303 3349 ,

172 3378 439 3444 accomodaverit
463 3382 628 3447 contentis
649 3381 865 3462 corporibus,
889 3388 927 3446 ut
941 3385 1014 3446 tum
1037 3381 1195 3446 minimas

169 3498 318 3563 quasque
342 3484 504 3548 cavitates
529 3486 678 3549 contenti
712 3484 861 3566 corporis
893 3484 1102 3565 impleverit,
1123 3487 1196 3547 turn

168 3587 337 3651 laevorem
360 3589 568 3670 nitoremque
589 3589 737 3654 eiusdem
754 3589 903 3670 corporis
917 3589 1113 3671 expresserit
1135 3589 1194 3652 illa

171 3691 223 3755 sui
239 3692 427 3773 superficie,
451 3711 517 3775 qua
534 3694 617 3759 illud
635 3695 757 3776 tangit,
776 3694 854 3758 licet
872 3695 1019 3783 pulveris
1035 3696 1195 3777 asperitas

170 3794 271 3857 simili
293 3797 443 3872 laevori,
464 3804 497 3862 et
520 3798 621 3862 nitori
646 3799 783 3862 minime
805 3797 1014 3880 respondeat.

260 3908 360 3972 Fiunt
384 3913 496 3974 autem
519 3910 723 3985 sedimenta,
746 3909 827 3975 dum
850 3916 1008 3975 contenta
1030 3912 1065 3975 in
1090 3913 1194 3979 tluido

168 4012 303 4092 proprio
325 4013 469 4094 pondere
492 4014 535 4078 ad
557 4014 699 4080 fundum
722 4013 944 4090 delabuntur,
967 4013 1037 4079 sive
1057 4015 1194 4081 aliunde

171 4129 210 4175 eo
234 4114 344 4179 delata
367 4116 491 4182 luerint
513 4117 603 4181 dicta
625 4123 805 4192 contenta,
827 4117 898 4181 sive
932 4117 974 4180 ab
997 4117 1078 4198 ipsis
1099 4117 1194 4184 tluidi

172 4220 347 4299 particulis
361 4222 483 4288 sensim
495 4223 621 4289 fuerint
636 4227 781 4298 secreta,
801 4222 898 4304 idque
911 4222 963 4287 vel
975 4222 1010 4286 in
1021 4224 1196 4304 superficie
