2752 4792
389 774 718 904 DECLARHIO
742 782 943 902 'FABULAE
1086 872 1091 881 ·

216 1167 226 1251 j
242 1154 323 1230 'Set
340 1165 470 1231 uitimee
490 1164 622 1255 figurae,
642 1163 717 1225 dum
730 1162 866 1226 iudicant
879 1180 943 1244 qun
962 1154 1053 1227 tuedo
1065 1180 1105 1227 ex
1119 1168 1207 1245 prae-

174 1261 254 1327 sena
271 1260 348 1324 tecte
360 1261 504 1323 Etruriae
516 1259 691 1338 colligimus
705 1274 761 1319 sex
773 1257 931 1320 distinctas
943 1257 1091 1320 Etruriae
1103 1257 1206 1331 iacies,

175 1355 424 1423 aestuantem
455 1357 515 1418 iltis
542 1355 663 1419 facilius
693 1354 917 1433 intelligendis,
943 1372 1023 1434 quae
1043 1355 1082 1417 de
1101 1356 1205 1419 stratis

176 1459 278 1519 terres
287 1455 434 1516 diximus.
452 1454 563 1519 Lineae
575 1453 698 1538 punctis
708 1453 846 1536 signatae
860 1457 1092 1529 repraesentant
1105 1457 1206 1515 terrae

173 1554 453 1625 atremfueuaeea,
473 1551 514 1613 ita
528 1568 548 1613 a
561 1553 672 1632 potiori
693 1551 867 1618 nominata,
881 1544 953 1608 licet
965 1546 1025 1608 iiiia
1046 1548 1151 1619 varia,
1172 1551 1203 1608 et

173 1648 358 1727 argittacaa,
378 1653 412 1713 et
428 1648 548 1732 lapidea
568 1659 662 1717 strata
685 1654 825 1717 immixta
848 1648 926 1710 sint:
948 1645 1085 1726 reliquae
1106 1647 1206 1709 lineae

175 1750 271 1807 atrata
290 1745 408 1828 lapidea
428 1754 658 1829 repraesentant
677 1749 782 1813 itidem
792 1767 817 1811 a
834 1747 942 1829 potiori
965 1746 1007 1808 ita
1023 1744 1117 1816 dicta,
1133 1760 1207 1806 cum

174 1839 327 1927 interdum
360 1841 441 1917 iuter
475 1840 528 1903 illa
563 1843 623 1906 sita
657 1843 719 1905 sint
749 1843 809 1904 elia
840 1841 990 1908 mollioris
1014 1836 1205 1900 substantiae

174 1942 280 1998 strata.
303 1933 339 1998 lu
359 1926 425 2018 ipsa
452 1936 668 2002 Dissertatiene
694 1933 870 2020 figurarum
900 1938 1004 2000 literas
1031 1934 1204 2017 explicavi,

176 2048 238 2110 que
257 2031 365 2094 ordine
386 2032 506 2114 figurae
522 2051 555 2097 se
577 2035 708 2100 invicem
722 2036 900 2114 excipiunt3
920 2033 968 2097 hic
986 2032 1117 2095 breviter
1137 2047 1208 2092 mu·

177 2127 301 2189 tationis
331 2127 469 2191 ordinem
489 2130 660 2194 recensebo.
681 2128 816 2192 Exhibet
843 2135 946 2192 eutem
968 2126 1070 2208 figura
1090 2125 1120 2187 a.
1141 2125 1208 2206 pla-

176 2238 254 2284 num
273 2220 526 2303 perpendiculars
545 2220 709 2298 Etruriae,
729 2240 792 2303 que
812 2229 949 2305 tempore
969 2226 1066 2285 strata
1087 2218 1207 2300 lapidea

176 2319 269 2380 etiam
289 2334 364 2380 uum
385 2317 523 2398 integra,
539 2325 569 2382 et
588 2320 739 2386 horizonti
761 2309 906 2400 paratleta
928 2323 1024 2381 erant
1045 2316 1161 2396 Figura
1174 2313 1204 2376 ὃ.

178 2412 314 2494 ingentes
334 2415 495 2487 cavitates,
518 2415 582 2477 sire
605 2416 744 2496 ignium,
768 2416 831 2477 sive
861 2430 1013 2494 aquarum
1040 2411 1071 2472 >vi
1099 2425 1206 2473 exesas

179 2509 297 2572 intactis
326 2510 538 2591 superioribus
563 2510 676 2576 stratis.
704 2512 823 2592 Figura
843 2510 873 2572 t.
892 2528 912 2571 a
930 2507 1077 2590 disruptis
1105 2507 1208 2570 stratis

174 2602 388 2684 superioribus
417 2610 500 2668 ortos
531 2612 669 2679 montes,
698 2614 729 2670 et
760 2606 861 2668 saties.
893 2605 1006 2684 Figura
1037 2602 1101 2666 3.a
1122 2617 1208 2664 mare

179 2701 256 2763 taeta
289 2718 366 2764 nora
394 2708 491 2765 strate
515 2705 547 2765 iu
577 2704 664 2767 dictis
692 2703 968 2783 vallibustiigura
999 2699 1030 2762 2.
1056 2716 1096 2762 ex
1121 2697 1204 2761 novis

179 2797 282 2881 stratis
301 2803 513 2878 consumptam
532 2803 651 2878 partem
677 2797 856 2860 interiorum
877 2802 1065 2867 stratorum,
1085 2791 1203 2854 intactis

179 2890 398 2970 superioribus.
418 2891 534 2971 Figura
549 2893 577 2953 t.
590 2889 737 2974 disruptis
749 2889 960 2973 superioribus
973 2888 1076 2951 stratis
1096 2902 1205 2949 arena-

180 2987 260 3062 ceis,
280 2988 442 3069 productos
464 2988 505 3049 ibi
527 2988 635 3062 colias,
655 2995 687 3050 et
706 2988 808 3050 vallas.
