2752 4792
679 455 723 522 23

191 620 240 685 illi
262 624 411 695 montes,
433 637 575 702 quorum
608 620 780 701 Scriptura
803 618 848 682 ibi
880 618 1051 693 meminit,
1085 617 1208 682 luerint

190 742 231 789 ne
253 725 302 789 illi
324 729 453 790 montes
474 723 574 788 iidem
595 741 675 790 oum
697 723 867 791 montibus
888 722 1079 798 hodiernis,
1102 704 1226 787 luerit
1262 800 1268 815 ,

189 840 231 890 os
245 828 342 896 initio
362 827 481 897 diluvii
503 845 544 893 oa
566 827 776 910 profunditas
793 826 957 901 vallium,
980 843 1066 908 quae
1088 826 1205 900 hodie,

187 948 232 996 an
251 947 333 998 vero
354 933 397 996 ad
417 933 668 1015 deprimendam
700 932 909 1014 superficiem
941 933 1208 1007 excrescentium

186 1035 351 1118 aquarum
374 1052 482 1102 novae
504 1043 688 1104 stratorum·
701 1040 871 1122 rupturae
904 1053 1010 1101 noras
1032 1037 1208 1118 voragines

186 1143 399 1225 aperuerint,
418 1159 480 1208 neo
503 1145 694 1228 Scriptura,
717 1160 778 1208 neo
801 1143 931 1210 Natura
952 1141 1162 1207 determinat.

274 1245 403 1324 Quarta
424 1250 546 1324 laoies,
568 1249 702 1331 quando
734 1248 847 1312 omnia
878 1263 973 1311 mare
994 1251 1112 1322 erent,
1131 1248 1206 1328 plus

184 1354 308 1435 negotii
328 1354 489 1420 facessere
504 1357 660 1429 videtur:
684 1356 760 1420 lioet
783 1373 818 1418 re
841 1371 922 1419 vera
944 1353 1081 1418 nilnon
1097 1353 1202 1416 laoile

183 1457 228 1521 ibi
249 1465 416 1524 ooourrat.
440 1459 597 1524 liutitisse
620 1477 712 1524 mare
735 1459 857 1533 altius,
880 1475 982 1538 quam
1010 1457 1110 1522 modo
1132 1460 1204 1531 ost,

182 1562 320 1627 oollium
342 1581 361 1627 e
383 1565 485 1628 maris
507 1566 698 1656 redimente
711 1565 884 1646 productio
918 1569 1081 1638 testatur3
1105 1562 1204 1643 idque

185 1684 252 1732 non
275 1668 375 1733 modo
397 1669 431 1733 in
454 1670 610 1745 Etruria,
633 1670 746 1734 sedin
768 1670 920 1750 piurimis
949 1669 1031 1732 loeis
1052 1668 1101 1732 sio
1123 1667 1204 1731 satis
1322 1669 1326 1677 '

183 1772 308 1834 amari
337 1773 493 1847 remotis,
525 1774 613 1839 unde
646 1760 762 1837 versus
795 1791 887 1837 mare
920 1772 1203 1837 Mediterraneum

185 1893 292 1957 aquae
307 1878 518 1944 dilabuntur:
541 1879 621 1961 quin
632 1884 673 1943 et
691 1879 725 1942 in
744 1880 809 1942 illis
824 1878 920 1954 loeis,
937 1879 1026 1944 undo
1041 1878 1075 1941 in
1094 1875 1205 1942 Ooea-

183 2000 266 2049 num
285 2000 392 2066 aquae
409 1985 570 2051 detluunt.
586 1984 719 2062 Quanta
737 1984 796 2048 illa
813 1985 916 2048 maris
931 1983 1073 2049 altitudo
1090 1982 1201 2056 fuerit,

61 2162 63 2166 k
182 2087 373 2171 Soripturae
395 2091 488 2155 illam
510 2090 745 2155 determinanti
767 2091 896 2158 Nature
927 2107 995 2154 uon
1019 2091 1201 2170 repugnem

181 2197 472 2278 quandoquidem,
498 2198 526 2261 1.
538 2197 641 2284 Certa
658 2197 800 2279 vestigia
818 2196 920 2260 maris
934 2198 1049 2260 extent
1067 2194 1101 2256 in
1120 2194 1203 2257 loeis

182 2301 294 2381 plures
307 2308 464 2367 centenos
479 2291 577 2386 pedes
596 2291 814 2384 supra'maris
828 2300 1037 2382 superficiem
1054 2298 1203 2363 elevatis.

182 2404 357 2487 allegari
380 2425 445 2472 non
468 2389 610 2489 poterit,
633 2407 734 2488 quin,
766 2412 804 2470 ut
826 2406 940 2470 omnia
962 2411 1069 2469 terrae
1093 2403 1200 2467 solida

179 2508 276 2573 initio
297 2528 408 2574 rerum
433 2511 535 2594 tluido
567 2529 673 2593 aqueo
708 2516 798 2575 teoto
828 2509 984 2583 luerunt,
1022 2508 1069 2571 sio
1093 2524 1199 2587 aqueo

179 2611 283 2677 tluido
306 2615 428 2680 iterum
454 2615 519 2696 tegi
540 2611 730 2696 potuerint;
753 2631 832 2678 oum
859 2630 973 2678 rerum
994 2611 1201 2677 naturalium

179 2722 323 2785 mutatio
345 2719 479 2800 quidem
501 2719 662 2784 continua
689 2719 752 2793 sit,
775 2718 869 2783 nulla
903 2720 1015 2782 autem
1037 2713 1200 2778 naturalis

71 2907 73 2912 Ι
177 2824 212 2885 ln
235 2825 378 2891 nihilum
401 2826 561 2892 reduotio.
593 2824 674 2902 Quis
703 2810 817 2890 autem
846 2823 1067 2905 penetralium
1088 2825 1196 2884 terrae

178 2929 339 2996 labrioam
362 2937 589 3012 perscrutatus
611 2935 679 3005 est,
702 2938 740 2994 ut
763 2945 883 3009 negare
906 2926 1015 3001 ausit,
1038 2941 1132 3006 posse
1151 2923 1198 2985 ibi

179 3033 327 3115 ingentia
349 3035 457 3115 spatia
475 3032 590 3099 extare
608 3033 710 3098 tluido
729 3032 829 3096 modo
848 3049 969 3112 nqueo,
987 3029 1088 3094 modo
1103 3043 1200 3091 aereo

178 3137 300 3218 plena?
319 3136 349 3202 3.
368 3138 535 3203 lnoertum
554 3138 690 3202 omnino
713 3137 773 3209 sit,
796 3152 881 3216 quae
896 3134 1037 3199 vallium
1056 3130 1212 3212 prolun-⁴

176 3242 264 3306 ditus
276 3243 373 3307 initio
388 3241 506 3307 diluvii
522 3225 685 3316 extiterit;
710 3240 796 3305 ratio
814 3256 893 3304 vero
905 3238 1059 3311 suadeat,
1079 3235 1195 3318 primis

176 3350 293 3414 mundi
314 3349 455 3414 saeoulis
489 3350 531 3412 ab
554 3366 660 3430 aqua,
693 3355 726 3411 et
756 3347 830 3428 igne
853 3345 998 3409 minores
1031 3343 1195 3407 cavitates
1225 3393 1228 3400 .

173 3471 289 3520 exesus
321 3455 443 3530 muse,
479 3455 625 3536 adeoque
658 3453 768 3519 minus
802 3450 984 3533 profundas
1012 3453 1194 3513 stratorum

176 3563 290 3626 ruinas
314 3562 388 3624 inde
412 3566 568 3641 sequutus
586 3559 706 3632 luisse;
728 3562 856 3621 montes
879 3561 991 3620 autem
1014 3552 1192 3624 altissimi,

175 3671 318 3748 quorum
352 3667 522 3748 Scriptura
557 3664 728 3738 meminit,
760 3663 912 3726 altissimi
946 3665 1040 3724 erant
1074 3675 1190 3722 eorum

176 3771 357 3844 montium,
373 3770 431 3851 qui
450 3776 528 3835 tuno
548 3768 705 3851 temporis
718 3765 982 3848 reperiebantur,
998 3780 1065 3827 non
1081 3766 1194 3827 autem

174 3894 311 3950 eorum,
333 3892 416 3956 quos
438 3875 534 3939 lrodie
557 3875 718 3940 videmus.
743 3869 774 3933 d.
795 3869 828 3935 Si
848 3868 1003 3933 animalis
1024 3871 1135 3930 motus
1157 3863 1192 3926 id

173 3999 268 4063 agere
292 3980 427 4062 poterit,
449 3985 486 4045 ut
509 3998 569 4061 pro
591 3979 731 4042 arbitrio
747 3977 846 4040 modo
865 3974 960 4055 equis
977 3973 1098 4037 obruta
1116 3969 1190 4032 looa

172 4086 260 4150 siooa
285 4085 487 4157 reddantur,
509 4084 608 4148 modo
637 4081 734 4147 novis
757 4078 852 4162 aquis
882 4078 1088 4148 obruantur,
1111 4070 1192 4153 quid

173 4193 206 4254 ui
232 4193 339 4273 primo
362 4209 473 4254 rerum
496 4189 646 4254 omnium
668 4187 791 4254 Motori
814 4184 966 4250 eamdem
988 4183 1196 4253 libertatem,

933 4288 948 4338 s
