2752 4792
680 395 754 500 18·

189 565 318 633 turam,
342 562 464 641 absque
488 561 614 640 reliquo
633 560 787 635 homine,
810 557 953 622 bominis
971 572 1108 621 manum
1128 573 1206 637 pro-

188 664 318 727 ducere.
415 712 428 732 s,
630 704 654 717 .-
718 708 720 715 ,
873 691 876 694 ⁴

254 764 384 840 ‘sune
418 767 538 847 qulbus
552 763 788 832 'diuturnitas
808 765 966 847 temporis
1000 765 1205 845 reliquorum
1289 834 1290 837 Ἴ

187 875 470 951 argumentorum¹
489 870 558 933 vim
591 875 741 934 evertere
774 870 928 943 videtur3
963 886 1040 933 oum
1079 867 1206 932 nullius

186 973 310 1041 saeculi
331 976 493 1041 memoria
505 980 656 1049 constet,
678 971 912 1044 inundationes
928 992 971 1038 eo
983 973 1203 1066 adscendisse,

185 1079 247 1143 ubi·
267 1077 374 1144 multa
396 1079 528 1142 marina
550 1096 690 1160 corpora
718 1079 816 1143 bodie
850 1076 1082 1159 reperiuntur,
1102 1077 1132 1140 si
1156 1075 1208 1138 di-

185 1185 316 1250 lnvium
338 1183 527 1249 universale
548 1184 739 1266 exceperis,
771 1185 862 1249 unde
887 1183 931 1248 ad
960 1188 1074 1270 nostre
1103 1200 1208 1264 usque

184 1295 334 1371 tempera
355 1294 500 1370 quatuor
514 1289 612 1353 mille
643 1290 723 1353 anui
745 1294 888 1378 ,praeter
921 1292 1057 1369 propter
1087 1305 1208 1352 nume-

138 1408 140 1410 ·
183 1397 323 1465 rantur:
345 1408 407 1455 nec
430 1392 557 1456 rationi
582 1410 767 1457 consonum
800 1391 950 1466 videtur,
971 1396 1019 1456 tot
1042 1409 1207 1457 annorum

183 1494 314 1558 iniuriis
336 1494 501 1569 restitisse¹
518 1497 674 1561 animalis
695 1497 843 1578 corporis
868 1501 1020 1576 partem;
1050 1514 1129 1563 cum
1151 1498 1206 1561 vi-

181 1600 319 1665 deamus
340 1616 437 1683 saepe
459 1619 645 1684 paucorum
668 1620 834 1668 annorum
862 1603 969 1684 spatio
991 1602 1107 1666 eadem
1128 1622 1206 1669 cor-

181 1711 262 1788 pora
285 1709 320 1771 in
343 1715 452 1779 totum
475 1710 610 1776 destrui.
634 1711 698 1776 Sed
720 1708 798 1776 buic
822 1711 924 1776 dubio
946 1710 1045 1774 facile
1068 1729 1207 1794 respon-

181 1811 294 1885 detur,
310 1829 389 1876 cum
405 1831 425 1876 a
440 1814 501 1877 soli
520 1815 692 1880 varietate
702 1814 736 1877 id
753 1819 862 1879 totum
881 1814 1076 1896 dependeat3
1099 1820 1205 1881 strata

181 1919 269 1981 enim
293 1936 336 1982 ex
358 1924 451 1990 certa
474 1920 611 2001 argillae
633 1920 746 2001 specie
762 1919 854 1995 vidi',
885 1932 973 2000 quae
1005 1922 1119 1985 omnia
1142 1922 1204 1985 sibi

179 2026 309 2091 inclusa
331 2043 472 2108 corpora
492 2026 655 2091 tenuitate
674 2025 765 2090 succi
783 2027 1016 2100 resolverunt;
1039 2026 1108 2095 alia
1129 2045 1205 2091 are-

132 2146 133 2149 *
178 2146 282 2194 naooa
317 2133 423 2194 strata
457 2128 603 2211 plurime
634 2128 841 2202 observavi,
873 2145 960 2209 quac
993 2129 1107 2193 omnia
1128 2131 1202 2205 ,sibl

177 2233 355 2322 commissa
377 2233 507 2314 integra
528 2237 780 2299 conservarunt.
803 2229 877 2308 Quo
910 2232 1137 2313 experimento
1160 2235 1204 2296 li-

178 2341 268 2399 ceret
291 2337 326 2400 in
348 2335 572 2416 cognitionem
594 2335 710 2400 venire
742 2334 833 2399 illius
867 2334 981 2409 succi,
1013 2335 1071 2415 qui
1094 2337 1201 2400 solida

178 2458 319 2524 corpora
342 2441 498 2515 resolvit:
520 2441 610 2522 quod
643 2458 740 2507 vero·
757 2446 887 2507 certum
921 2441 1000 2516 sit,
1017 2442 1201 2506 multorum

177 2544 450 2626 conchyliorum.
479 2561 565 2624 quae
591 2543 690 2609 hodie
719 2544 925 2627 reperimus,
947 2544 1200 2626 productionem

178 2651 220 2714 ad
241 2657 393 2733 tempora
415 2668 492 2716 cum
514 2652 699 2717 universali
721 2650 852 2716 diluvio
869 2651 1093 2716 coincidentia
1115 2653 1201 2716 rele-

180 2757 315 2821 rendam
334 2774 429 2831 esse,
450 2755 591 2822 sufficiet
625 2773 765 2838 sequens
791 2762 1037 2838 argumentum.
1060 2755 1199 2824 Certum

177 2864 226 2922 est
249 2866 326 2925 ante
349 2860 438 2924 iacta
460 2859 633 2924 Romanae
655 2859 753 2926 Urbis
782 2860 1023 2936 lirndamenta,
1046 2861 1201 2928 Volater-

178 2982 336 3030 ranorum
359 2966 477 3029 urbem
500 2965 569 3029 iam
592 2971 665 3030 tum
687 2966 817 3031 viribus
838 2971 1007 3047 potentem
1030 2968 1202 3042 extitisse;

177 3078 314 3136 atvero
337 3073 372 3136 in
395 3071 485 3135 saxis
507 3071 574 3135 illis
594 3073 873 3154 praegrandibus,
890 3091 977 3155 quae
999 3073 1200 3156 quibusdam
1284 3159 1290 3165 ,

177 3175 211 3237 in
235 3175 316 3238 locis
338 3174 383 3237 ibi
407 3174 620 3255 reperiuntur
655 3171 857 3258 (murorum
892 3178 1200 3261 antiquissimorum

174 3277 331 3365 vestigia)
355 3279 464 3344 omnis
485 3275 614 3361 generis
630 3281 806 3362 conchylia
825 3284 1054 3364 reperiuntur,
1077 3289 1110 3349 et
1126 3301 1197 3353 non

175 3385 221 3449 ita
243 3384 373 3466 pridem
394 3386 429 3448 in
451 3386 561 3449 medio
583 3386 655 3450 loro
676 3389 827 3454 excisum
842 3407 969 3454 ,saxum
991 3397 1041 3456 est
1062 3394 1201 3457 conchis

175 3487 287 3552 stratis
308 3488 581 3563 refertissimum
604 3495 643 3554 ut
661 3491 810 3573 adeoque
835 3498 965 3558 certum
984 3495 1027 3558 sit
1049 3496 1147 3559 bodie
1163 3497 1197 3559 in

174 3594 272 3658 dictis
289 3594 379 3658 saxis
393 3599 541 3675 repertas
555 3596 701 3662 conchas
715 3598 785 3661 iam
805 3602 876 3663 tum
890 3601 1071 3680 productas
1084 3601 1199 3678 fuisse,

174 3715 241 3779 quo
274 3704 421 3778 tempore
455 3698 543 3762 muri
575 3698 787 3764 Volaterrani
816 3708 1061 3769 extruerentur.
1092 3705 1135 3770 Et
1156 3699 1200 3772 ne

171 3805 245 3884 quis
267 3804 410 3880 dixerit,
434 3805 520 3868 solas
542 3810 644 3870 testas
666 3808 702 3870 in
733 3808 880 3890 lapidem
912 3827 1116 3888 conversas,
1140 3814 1196 3878 vel

172 3910 272 3992 lapidi
306 3912 449 3977 inclusas
484 3914 526 3976 ab
560 3913 655 3976 edaci
685 3921 832 3996 tempore
863 3917 994 3982 nullum
1030 3919 1193 3983 damnum
1267 3929 1276 3946 “

171 4031 284 4095 passas
297 4015 415 4090 fuisse;
437 4022 527 4082 totus
543 4017 598 4081 ille
621 4019 730 4094 collis,
749 4021 955 4087 euiurbium
971 4023 1206 4090 Etruscarum.
