2752 4792
666 447 707 511 21

266 605 297 672 3.
319 610 508 688 Antequam
528 609 729 674 formaretur
746 611 883 689 pinnum
897 608 941 683 B,
955 610 999 686 Α,
1018 608 1043 675 G
1061 606 1129 693 (fig.
1149 607 1200 695 di,

174 715 274 796 plana
296 711 396 790 Μ,
427 714 580 779 cumdem
608 714 710 779 situm
742 714 930 789 habebant,
961 733 1060 796 quem
1095 715 1198 781 modo

174 819 346 896 obtinent,
368 836 427 884 seu
456 818 545 900 quod
567 818 656 881 idem
689 823 738 883 est
760 824 940 900 antequam
972 818 1196 892 formarentur

173 924 566 991 coitiumnrenaceorum
580 927 707 997 strata,
724 922 842 988 iisdem
859 923 895 986 in
912 923 994 989 locis
1012 923 1198 1004 profundae

174 1027 279 1090 valles
299 1027 493 1092 extiterunt.
1129 1092 1132 1097 .

262 1130 294 1194 b.
311 1130 501 1212 Aliquando
512 1132 649 1211 pianum
661 1129 885 1195 inclinatuml
899 1125 1014 1214 (bad)
1027 1146 1105 1194 cnm
1121 1129 1199 1210 pia·

176 1239 229 1301 nis
247 1237 509 1303 horizontaiibus
530 1238 579 1313 F,
601 1243 634 1302 et
657 1235 686 1301 G
704 1237 740 1300 in
762 1236 879 1301 eodem
894 1237 995 1317 plano
1012 1235 1147 1311 extitit,
1165 1241 1199 1301 et

174 1344 351 1423 planorum
368 1341 406 1416 F,
425 1347 458 1406 et
474 1340 504 1406 G
520 1343 612 1407 nuda
630 1342 752 1415 latera,
774 1341 828 1405 vei
843 1340 985 1405 ulterius
998 1339 1194 1409 continuata

174 1445 323 1517 morunt,
333 1445 388 1508 vel
400 1444 492 1508 alind
503 1443 550 1507 ibi
561 1443 704 1509 solidum
721 1445 832 1509 extitit
851 1445 969 1508 eadem
983 1445 1076 1508 nuda
1090 1445 1196 1510 intera
1235 1502 1238 1510 .

172 1549 334 1625 fulciens,
365 1567 445 1615 cum
478 1549 568 1614 dicta
599 1550 699 1630 plana
731 1550 978 1624 formarentur;
1017 1567 1075 1612 seu
1107 1548 1197 1630 quod

173 1659 262 1743 idem
282 1666 352 1732 est,
374 1674 441 1738 quo
463 1658 537 1720 loco
559 1656 678 1730 bodie,
710 1657 796 1720 inter
829 1656 1073 1721 altissimorum
1096 1672 1198 1720 mon·

172 1764 258 1829 tium
279 1765 396 1845 planos
414 1761 570 1832 vertices,
591 1760 696 1825 valles
715 1761 991 1842 conspiciuntur,
1013 1760 1195 1840 aliquando

173 1885 241 1933 una
254 1867 415 1932 continua
428 1866 583 1946 planities
598 1871 685 1937 erat,
702 1866 764 1930 sub
781 1883 848 1946 qna
864 1866 1015 1947 ingentes
1033 1865 1203 1933 cavitates.

173 1973 334 2037 formatae
356 1976 473 2045 erant,
495 1978 572 2037 ante
595 1977 776 2036 stratorum
796 1972 1008 2053 superiorum
1026 1972 1151 2036 ruinas.

263 2077 294 2140 5.
314 2076 456 2154 Quando
487 2077 624 2157 pianum
647 2074 696 2150 F,
719 2071 748 2137 G
777 2070 849 2157 (fig.
869 2073 908 2158 5)
945 2074 1200 2149 formabantur,

174 2183 315 2247 tiuidum
338 2199 481 2264 aqueum
503 2182 553 2246 iili
576 2182 804 2255 incumbebat;
827 2199 901 2255 seu,
920 2180 1009 2260 quod
1023 2180 1112 2243 idem
1125 2186 1198 2257 est,

175 2289 356 2371 aliquando
378 2289 616 2354 altissimorum
639 2289 804 2352 montium
827 2287 919 2368 plani
943 2285 1085 2350 vertices
1104 2285 1200 2366 aquis

177 2393 256 2456 tecti
278 2392 424 2458 suerunt.

264 2497 329 2562 Sex
350 2498 463 2579 itaque
486 2499 661 2565 distinctus
682 2497 839 2563 Etruriae
855 2497 957 2559 facies
976 2493 1199 2576 agnoscimus,

175 2603 255 2668 dum
272 2604 323 2667 bis
337 2603 462 2678 fluida,
484 2605 534 2668 bis
552 2606 667 2685 piana,
688 2610 720 2667 et
736 2603 849 2676 sicca,
873 2603 924 2665 bis
943 2619 1061 2682 aspera
1083 2601 1199 2676 fuerit3

175 2709 209 2772 id
235 2710 346 2790 quod,
377 2715 416 2774 ut
448 2710 631 2776 multorum
654 2728 674 2774 a
702 2727 754 2772 me
789 2709 1017 2789 inspectorum
1049 2707 1199 2772 iocorum

174 2814 367 2879 inductione
377 2815 426 2882 ,de
443 2814 580 2881 Etruria
599 2815 803 2888 demonstro,
819 2814 866 2878 sic
885 2814 925 2877 de
939 2813 1097 2878 universa
1111 2821 1201 2877 terra

175 2918 346 2983 variorum
368 2919 518 2984 locorum
541 2918 818 3001 descriptionibus
840 2935 860 2982 a
881 2917 985 2981 variis
1002 2913 1199 2981 authoribus

175 3019 287 3083 allatis
307 3022 480 3086 confirmo.
503 3023 551 3088 Ne
574 3039 654 3086 vero
677 3039 698 3085 a
720 3021 872 3086 novitate
895 3020 1081 3102 periculum
1106 3019 1200 3102 ‹puis-

175 3140 275 3203 quam
291 3154 295 3159 ·
309 3129 462 3198 metuat,
495 3125 643 3192 Naturae
678 3142 756 3190 cum
796 3123 968 3206 Scriptura
1000 3141 1199 3188 consensum
1272 3207 1275 3213 ι

175 3229 291 3310 paucis
312 3246 500 3312 exponam,
523 3231 724 3295 recensendo
746 3231 943 3312 praecipuas
965 3228 1199 3306 difficultates,

80 3322 86 3331 ’
175 3350 261 3412 quae
283 3334 373 3398 circa
396 3334 544 3416 singulas
565 3341 675 3399 terrae
698 3334 799 3398 iacies
820 3333 949 3399 moveri
971 3341 1141 3415 poterunt

264 3437 312 3502 De
333 3438 441 3519 prima
464 3444 573 3503 terrae
596 3439 680 3502 facie
702 3438 736 3502 in
756 3456 796 3502 eo
812 3438 998 3520 Scriptura,
1021 3445 1054 3503 et
1071 3439 1201 3504 Natura

178 3540 410 3616 consentiunt,
432 3541 522 3623 quod
544 3541 642 3623 aquis
659 3542 773 3606 ornnia
792 3546 880 3608 tecta
898 3543 1036 3618 fuerint;
1060 3560 1201 3623 quomo-

178 3640 323 3718 dovero,
344 3649 377 3708 ct
399 3645 533 3726 quando
555 3645 721 3725 coeperit,
743 3650 777 3708 et
798 3652 923 3727 quanto
952 3654 1101 3729 tempore
1122 3649 1201 3713 talis

177 3748 340 3824 extiterit,
360 3749 490 3814 Natura
504 3750 593 3824 siiet,
605 3749 785 3834 ¹Scriptura
799 3750 957 3831 loquitur.
973 3751 1069 3829 Quod
1088 3757 1200 3818 autem

178 3849 321 3917 fluidum
342 3869 486 3933 aqueum
507 3853 628 3929 fuerit,
657 3871 723 3934 quo
746 3858 893 3933 tempore
925 3873 986 3919 nec
1021 3856 1101 3920 dum
1124 3855 1200 3918 ani-

177 3953 296 4030 malia,
315 3960 347 4020 et
364 3956 499 4037 plantae
516 3957 783 4038 reperiebantur,
801 3961 834 4021 et
853 3961 943 4038 quod
958 3959 1099 4025 fluidum
1118 3960 1202 4025 iliud

180 4061 291 4127 omnia
314 4064 455 4140 texerit,
477 4064 641 4129 montium
672 4063 830 4129 altiorum
853 4072 959 4132 strata
992 4068 1083 4132 omni
1106 4068 1201 4132 bete-

181 4184 323 4248 rogeneo
354 4187 492 4251 corpore
522 4169 688 4252 destituto,
707 4168 889 4247 evincunt;
922 4191 1063 4254 quorum
1092 4175 1201 4256 tigura
