2752 4792
667 439 710 508 ao

170 612 258 677 renti
279 610 417 675 evidens
447 611 483 675 in
516 610 671 675 omnihus
702 619 883 674 consensus
911 608 1013 672 latere
1047 600 1190 684 amplius

173 732 240 779 non
259 714 365 797 possit
390 710 451 802 (l).
721 728 724 735 ·
795 730 797 732 ·

180 923 260 990 llil.
289 926 401 992 Variae
419 927 610 991 mutationes
633 945 715 1009 puae
738 928 775 990 io
797 925 936 990 Etruria
958 924 1169 1004 emtipereat.

261 1133 434 1211 Quomodo
470 1151 625 1216 praesens
661 1134 805 1199 alieuius
839 1127 887 1196 rei
921 1136 1027 1197 status
1064 1135 1188 1194 statum

171 1238 389 1318 praeteritum
410 1231 570 1302 eiusdem
582 1236 630 1302 rei
653 1237 793 1319 detegit,
812 1252 892 1318 prae
913 1236 1054 1300 caeteris
1076 1252 1137 1299 suo
1154 1233 1189 1295 id

173 1342 326 1424 exemplo
346 1341 483 1408 Etruria
499 1343 671 1415 evidenter
688 1342 850 1417 declarat,
866 1340 1011 1406 inanius
1028 1341 1191 1404 hodierna

172 1447 260 1512 iuoio
278 1448 399 1513 obviae
420 1448 674 1531 inaequalitates
692 1445 868 1511 manifesta
887 1445 1095 1509 diversarum
1118 1461 1195 1508 mu-

175 1551 342 1617 tationum
364 1551 489 1615 indioia
511 1551 547 1614 in
562 1566 596 1615 se
613 1551 799 1626 continent,
820 1567 905 1640 quas
922 1549 1039 1614 ordine
1062 1549 1195 1612 inverso

173 1655 351 1720 recensebo
373 1674 394 1720 a
415 1649 597 1720 norissima
620 1656 827 1737 adprimam
845 1651 1066 1738 mgiediendo
1090 1650 1149 1742 (2).

266 1758 295 1822 1.
313 1759 502 1841 Aliquando
512 1760 651 1840 planum
661 1759 899 1824 inolinatumnl
913 1754 1022 1844 (dp-1)
1034 1758 1069 1822 in
1080 1758 1196 1822 eudem

174 1864 275 1945 plano
294 1864 361 1929 fuit
381 1882 461 1929 oum
480 1865 580 1947 plano
596 1864 795 1929 homzontali
815 1865 927 1929 altiori
942 1864 984 1940 B,
996 1869 1029 1929 et
1046 1865 1197 1931 eiusdem

174 1968 266 2052 plani
286 1970 316 2031 A
338 1970 388 2035 ita
406 1968 527 2034 elevati
548 1970 690 2045 limbus,
712 1974 805 2035 utet
826 1970 956 2036 limbus
984 1972 1078 2052 plani
1102 1972 1194 2035 hori-

175 2061 315 2138 zontalis
351 2058 479 2138 altioris
500 2070 525 2138 G
547 2072 690 2138 ulterius
722 2072 910 2137 continuati
944 2073 1103 2147 luerunt,
1128 2073 1198 2136 sive

175 2178 313 2260 planum
334 2179 539 2244 horizontale
561 2177 699 2242 interius
720 2177 749 2242 D
772 2178 807 2242 in
830 2179 947 2243 eodem
970 2179 1071 2260 plano
1097 2177 1197 2242 luerit

176 2301 254 2350 oum
275 2286 384 2367 planis
403 2285 665 2351 horizontalibus
683 2284 858 2350 altioribus
874 2284 923 2361 B,
942 2282 988 2357 C,
1011 2285 1081 2348 sive
1105 2283 1197 2349 alind

176 2403 297 2471 eorpus
318 2389 461 2453 solidum
483 2387 530 2451 ibi
552 2389 701 2454 extiterit
724 2389 904 2470 planorum
928 2389 1086 2454 altiorum
1109 2389 1199 2453 nuda

178 2491 284 2556 latera
304 2492 464 2556 fulciens:
488 2509 547 2559 seu
567 2493 657 2573 quod
686 2491 775 2556 idem
788 2532 791 2537 ι
806 2497 889 2567 est,-
912 2493 1076 2573 quo'looo
1099 2491 1197 2555 hodie

178 2596 296 2674 fluvii,
317 2597 476 2679 paludes,
511 2597 669 2679 planities
703 2597 895 2678 depressae,
930 2598 1203 2680 praecipitia,fflet

179 2705 278 2786 plana
299 2705 462 2770 inelinata
482 2707 570 2770 inter
590 2706 691 2771 nolles
714 2723 891 2771 arenaoeos
925 2709 1197 2790 conspiciuntur,

178 2807 259 2872 olim
291 2809 392 2892 plana
425 2811 539 2874 omnia
571 2810 738 2886 extitere,
772 2828 876 2891 eoque
909 2816 1058 2893 tempore
1095 2829 1200 2892 aquae

181 2933 297 2980 omnes
318 2922 392 2982 tum
408 2915 616 2998 pluviarum,
637 2920 711 2981 tum
729 2916 890 2991 fontium,
909 2917 964 2982 vel
982 2901 1088 2999 ipsam
1106 2917 1199 2981 illam

179 3019 353 3100 planitiem
369 3018 593 3094 inundabant,
611 3021 667 3085 vel
681 3020 741 3085 sub
759 3020 897 3100 planitie
914 3020 1048 3084 canales
1067 3020 1199 3085 subter-

182 3141 300 3189 raneos
319 3125 381 3188 sibi
400 3131 613 3207 aperuerant;
632 3125 750 3190 saltem
769 3125 959 3190 substratis
976 3126 1199 3207 superioribus

180 3228 344 3294 cavitates
366 3234 472 3292 eraut.
733 3223 735 3226 ’

270 3333 302 3398 2.
320 3333 395 3411 Quo
406 3339 553 3415 tempore
565 3335 771 3401 formabatur
784 3337 922 3417 planum
933 3337 970 3411 B,
981 3338 1022 3411 A,
1036 3336 1060 3403 C
1075 3333 1144 3421 (fig.
1156 3337 1202 3421 2),

180 3445 214 3503 et
231 3438 280 3501 illi
303 3437 471 3519 supposita
493 3437 559 3501 alia
573 3438 695 3520 plana,
713 3439 977 3520 totum'planum
1007 3438 1056 3514 Β,
1080 3441 1131 3514 A,
1154 3438 1201 3513 C,

181 3544 276 3624 aquis
295 3548 422 3608 tectum
442 3542 526 3616 irrit3
548 3559 606 3609 seu
628 3544 717 3625 quod
750 3545 838 3608 ldem
872 3549 941 3614 est,
965 3561 1065 3626 supra
1098 3546 1200 3608 eolles

180 3666 358 3714 arenaoeos
377 3653 417 3713 ut
446 3653 484 3712 ut
502 3649 587 3713 altos
620 3664 721 3716 mare
734 3651 913 3733 aliquando
932 3654 1099 3716 elevatum
1123 3651 1196 3715 luit.

279 3811 315 3872 (1)
327 3811 615 3865 Mirumoerteaeeldtt
626 3813 780 3875 Stenonem,
797 3824 858 3864 oum
876 3814 1054 3867 testaceorum
1071 3814 1199 3864 tosstllum

183 3900 277 3941 reram
293 3891 440 3944 sustineret
455 3895 604 3955 originem,
627 3904 680 3943 non
692 3886 766 3943 reoie
783 3894 896 3944 sentisse
912 3894 946 3943 de
967 3895 1067 3945 ossium
1088 3904 1199 3953 magno-

180 3977 243 4017 rum
259 3966 482 4033 quadrupedum,
497 3981 568 4031 quaa
586 3981 622 4021 ex
640 3966 776 4020 Valdaruo
793 3968 975 4031 eitodtuntur,
992 3970 1168 4020 derlratlone.

177 4096 179 4100 r
277 4046 314 4110 (t)
331 4050 376 4100 Er
392 4049 441 4100 nne
457 4051 561 4112 tntogro
576 4050 692 4111 oapltulo
709 4060 789 4100 nomo
800 4061 852 4099 non
865 4050 906 4102 est
916 4052 960 4111 qul
979 4063 1032 4101 non
1042 4050 1138 4113 arguat
1150 4063 1199 4101 no-

184 4124 272 4174 strum
286 4125 423 4176 auctorem
437 4127 554 4190 primum
564 4127 653 4188 tuisse,
670 4125 715 4186 unt
727 4127 831 4177 aetates
847 4128 1004 4188 geotogtoas,
1021 4140 1069 4178 seu
1079 4163 1087 4190 ,
1099 4130 1138 4180 utl
1153 4139 1198 4189 pe·

184 4203 277 4255 uultarl
289 4205 398 4256 nomine
410 4206 488 4259 trodio
498 4205 669 4269 appellantur
677 4239 684 4262 ,
693 4201 866 4260 tormottones
877 4207 1025 4258 clarisstme
1036 4206 1197 4259 dlsttnxertt.
