2752 4792
176 605 273 674 fluldi
291 605 526 687 praesentiam,
546 607 688 671 materia
702 607 887 671 absentiam
904 622 1082 688 ecrpomm
1098 605 1194 671 liete-

177 707 397 797 rcgeneomm
432 716 594 788 testatum
627 714 788 778 materiae
818 730 922 787 raro,
943 719 978 777 et
1006 714 1134 796 ligurae
1156 713 1193 776 in

175 809 400 895 diversamur,
416 822 450 882 et
463 818 507 884 ab
520 818 665 882 laricem
679 821 885 883 remotorum
898 804 1193 885 mentiumatratis

178 921 377 997 similitudo,
396 920 541 987 fluidum
559 919 643 985 illud
658 921 850 986 universale
863 921 1079 986 demonstrat.
1095 919 1193 996 Quod

176 1026 204 1089 si
225 1025 301 1107 quis
322 1023 463 1098 dixerit,
484 1024 698 1087 contentam
721 1023 788 1086 illis
810 1024 924 1088 stratis
943 1023 1096 1088 diversam
1128 1038 1193 1086 na-

175 1138 272 1195 turae
294 1125 401 1191 solida
414 1140 576 1190 successu
597 1125 758 1206 temperis
767 1132 966 1208 wneumptn
986 1126 1109 1200 fuisse,
1131 1143 1192 1190 ne-

175 1250 255 1319 gare
289 1234 428 1315 minime
462 1230 604 1312 poterit,
637 1232 851 1312 acuminatam
883 1232 929 1295 ibi
962 1231 1193 1296 diversitatem

94 1391 97 1396 .
174 1337 419 1405 sumendam
431 1335 532 1400 luisse
550 1334 638 1399 inter
652 1336 749 1400 strati
763 1337 950 1412 materiam,
964 1342 1000 1403 et
1016 1337 1194 1401 materiam

175 1460 236 1526 per
249 1441 347 1506 strati
360 1454 460 1521 puros
474 1439 702 1519 percolatum,
721 1455 965 1520 corporumque
978 1445 1195 1521 cousumpto-

131 1619 134 1622 ,
175 1564 251 1615 rum
268 1546 377 1630 spatia
393 1544 586 1626 replentem.
610 1543 708 1620 Queri
724 1545 753 1608 si
766 1563 848 1611 vero
866 1563 970 1628 mpra
980 1547 1079 1628 primi
1098 1547 1193 1611 tluidi

176 1657 282 1717 atrata
303 1648 504 1732 quibusdam
526 1647 561 1710 in
583 1648 666 1712 loeis
687 1649 754 1712 alia
771 1654 878 1713 strata
895 1650 1119 1731 reperirentur
1141 1651 1199 1714 sli-

175 1759 281 1823 versis
300 1755 494 1837 ccrpcr'mus
515 1753 658 1829 retem,
682 1754 778 1820 aliud
799 1755 876 1822 iude
907 1773 976 1820 uon
996 1762 1192 1837 sequeretur

167 1880 274 1946 pumn
296 1877 396 1945 supra
422 1867 528 1926 strata
559 1862 659 1943 primi
692 1859 786 1925 auidi
820 1862 863 1925 alr
882 1863 952 1928 alio
974 1862 1079 1928 fluido
1100 1881 1202 1928 nova·

174 1974 279 2034 strata
300 1967 449 2050 masaa
469 1965 589 2041 luisse,
609 1983 752 2047 quornm
768 1967 908 2031 materia
925 1967 1041 2031 itidem
1064 1969 1192 2049 replere

173 2073 319 2156 potuerit
340 2087 361 2136 a
380 2071 490 2152 mmo
510 2070 614 2137 lluidc
635 2071 830 2135 relictorum
852 2077 1034 2136 stratorum
1056 2073 1194 2147 ruinas:

172 2177 380 2258 etesiaeque
402 2191 531 2258 semper
552 2192 594 2240 ec
615 2176 854 2240 recurrentium
877 2176 935 2253 sit,
957 2195 1025 2258 quo
1045 2162 1196 2260 tempore

175 2287 279 2350 crate
294 2276 532 2362 'illasimplicis
548 2281 732 2356 materiae,
750 2282 836 2346 etin
850 2282 1006 2348 omnihus
1027 2283 1197 2349 montibus

174 2388 276 2453 obvia
301 2386 552 2465 formabantur,
574 2386 702 2467 reliqua
733 2391 838 2451 strata
857 2387 1007 2451 noudum
1028 2389 1196 2462 extitisse,

174 2492 232 2555 sed
251 2491 366 2555 emnia
386 2497 477 2556 tecta
496 2489 599 2555 misse
619 2489 724 2553 tluidc
744 2490 888 2570 plantis,
910 2497 942 2555 et
963 2491 1191 2565 animalibus,

176 2598 314 2680 aliisque
337 2597 451 2661 solidis
466 2597 638 2662 destitute:
661 2613 749 2676 quae
766 2601 887 2671 strata,
905 2615 987 2663 eum
1002 2615 1045 2660 ex
1058 2596 1193 2662 illorum

175 2716 293 2784 genere
314 2703 403 2775 siut,
422 2718 509 2782 quae
525 2718 625 2766 nemo
644 2717 769 2783 negare
782 2699 924 2781 poterit,
946 2701 1029 2782 quin
1049 2718 1069 2765 a
1086 2703 1195 2783 primo

175 2810 304 2874 lictore
335 2810 503 2891 potuerint
536 2807 729 2872 immediate
758 2823 830 2870 esse
851 2809 1050 2890 producta,
1083 2811 1195 2872 maui-

173 2915 295 2980 leetum
315 2913 507 2996 scripturae
528 2929 607 2978 cum
622 2913 753 2980 Natura
771 2930 971 2978 consensum
988 2914 1066 2978 intle
1089 2932 1194 2996 aguc-

176 3021 310 3086 scimus.
894 3042 898 3049 ·
1099 3038 1102 3041 ·

191 3154 195 3165 ·
226 3138 231 3145 ·
261 3124 311 3187 lle
333 3123 478 3189 munda
506 3128 615 3188 terrae
647 3124 754 3195 iacie,
786 3138 872 3204 purae
901 3123 1022 3205 plana,
1045 3129 1078 3186 et
1102 3124 1191 3188 sicca

174 3231 262 3304 mit,
278 3231 435 3311 quanda,
456 3235 489 3293 et
522 3230 690 3311 quomodo
718 3230 885 3310 coeperit,
918 3228 1035 3294 itidem
1062 3229 1192 3296 Natura

174 3341 284 3410 tacet,
298 3335 470 3418 Scriptura
484 3335 647 3416 loquitur-3
662 3341 810 3410 caetera,
824 3335 913 3417 quod
927 3336 1005 3399 talis
1018 3342 1128 3400 terrae
1142 3339 1195 3403 ia-

173 3440 242 3502 cies
256 3439 437 3520 aliquando
451 3438 615 3513 extiterit,
632 3444 832 3503 asserentem
848 3438 1012 3504 Naturam
1024 3439 1195 3521 Scriptura

173 3545 372 3618 confirmem
392 3544 475 3608 dum
497 3543 540 3606 ab
560 3560 629 3607 uno
650 3543 741 3608 lente
763 3542 981 3607 scaturientes
1004 3551 1125 3623 aquas
1140 3550 1194 3607 to-

175 3657 246 3716 tam
269 3656 392 3714 terram
415 3649 569 3730 irrigasse
591 3650 697 3713 docet.

235 3755 238 3758 ’
269 3756 316 3822 De
350 3755 450 3818 tertia
482 3760 590 3818 terrae
621 3755 727 3828 faeie,
759 3769 826 3835 qua
859 3770 977 3835 aspera
1010 3755 1195 3829 statuitur,

175 3860 309 3940 amande
330 3858 497 3939 coeperit,
518 3875 579 3922 uec
614 3857 805 3938 Scriptura,
838 3873 898 3919 nec
930 3856 1060 3923 Natura
1082 3856 1192 3920 deter-

174 3961 301 4037 minat3
323 3978 481 4044 magnam
509 3962 602 4025 illam
632 3960 733 4024 fuisse
763 3959 1035 4039 inaequalitatem
1068 3960 1196 4026 Natura

176 4069 400 4143 demonstrat,
421 4069 588 4133 montium
611 4071 723 4131 autem
746 4065 948 4129 mentionem
972 4066 1090 4130 diluvii
1110 4071 1195 4130 tem-

176 4191 254 4254 pore
277 4174 447 4258 Scriptura
471 4172 571 4246 lacit;
593 4176 728 4238 caetera
748 4169 883 4250 wando
897 4169 1049 4250 producti
1072 4170 1196 4235 fuerint
