2752 4792
702 445 723 510 6

193 598 375 680 superiori,
396 601 451 664 vel
472 602 655 684 aequaliter
678 605 720 668 ab
735 606 890 673 omnibus
911 607 1006 674 fluidi
1029 613 1213 693 particulis.
1331 608 1334 613 ’

193 702 285 767 Licet
306 706 438 769 crustas
471 705 580 781 inter,
612 713 645 772 et
673 708 878 787 sedimento,
912 729 1035 794 magna
1068 712 1214 780 affinitas

191 808 390 885 intercedat,
404 809 502 876 tacile
515 816 628 877 tamen
643 800 898 897 dignoscuntur,
912 819 1003 900 quod
1020 824 1211 887 crustarum

193 917 344 999 superior
365 919 556 1000 superficies
577 919 727 986 interiori
759 922 968 1003 superficiei,
990 929 1087 991 utut
1109 922 1212 991 variis

191 1021 381 1086 eminentiis
402 1021 583 1088 maioribus
606 1042 761 1106 asperae,
785 1027 946 1107 parallela
969 1029 1027 1104 sit,
1046 1029 1211 1094 sedimen-

190 1131 302 1190 tcrum
325 1143 405 1190 vero
420 1126 569 1207 superior
588 1128 778 1209 superficies
795 1128 961 1194 horizonti
979 1131 1140 1213 parallela
1156 1133 1211 1208 sit,

191 1236 250 1298 aut
270 1249 389 1312 pamm
422 1233 602 1298 admodum
636 1221 723 1297 inde
748 1234 929 1300 declinans.
966 1235 1019 1302 Sic
1042 1237 1213 1302 induviis

189 1337 322 1398 crustae
342 1335 540 1412 minerales,
563 1337 663 1400 modo
677 1327 822 1413 virides,
845 1339 944 1402 modo
962 1338 1093 1416 flavae,
1111 1341 1211 1404 modo

190 1438 424 1512 rubescentes,
445 1438 541 1505 tundi
563 1439 674 1502 saxosi
692 1438 964 1520 inaequalitatem
982 1458 1051 1506 non
1068 1443 1210 1519 tollunt,

189 1559 366 1608 arenarum
386 1560 490 1617 vero,
514 1545 573 1606 aut
592 1541 729 1624 argillae
744 1540 966 1608 sedimentum
980 1545 1095 1608 omnia
1112 1546 1212 1626 plana

189 1646 319 1711 reddit:
343 1664 409 1728 quo
432 1646 492 1722 lit,
515 1651 554 1711 ut
573 1645 608 1708 in
626 1645 730 1711 variis
745 1651 853 1709 terrae
871 1647 986 1711 stratis
1007 1648 1211 1729 compositis,

188 1760 300 1820 crusta
319 1771 339 1817 a
358 1754 551 1818 sedimentis
569 1753 667 1819 facile
689 1752 910 1817 distinxerim.

276 1854 374 1922 Circa
397 1857 573 1921 materiam
596 1860 777 1920 stratorum
800 1857 972 1936 sequentia
998 1856 1212 1920 determinari

187 1967 356 2044 poterunt.

276 2066 306 2130 1.
329 2064 364 2131 Si
385 2066 422 2129 in
443 2072 551 2133 strato
581 2084 682 2133 saxeo
696 2067 885 2148 ‘particulae
919 2085 1034 2133 omnes
1063 2069 1211 2134 eiusdem

187 2176 350 2246 naturae,
371 2175 404 2234 et
425 2171 561 2253 quidem
587 2170 724 2236 subtiles
746 2171 937 2245 extiterint,
959 2171 1053 2235 nulla
1083 2172 1211 2235 ratione

187 2277 303 2358 negari
323 2277 465 2359 poterit,
487 2276 570 2358 quin
592 2275 684 2340 idem
701 2280 843 2347 stratum
862 2275 1041 2341 creationis
1061 2279 1210 2357 tempore

185 2377 387 2460 productum
409 2379 510 2444 luerit
527 2397 546 2443 e
565 2378 671 2445 fluido
688 2379 802 2443 omnia
819 2385 900 2444 tunc
919 2379 1076 2461 temporis
1091 2380 1210 2443 obvol-

185 2487 304 2558 vente;
336 2500 402 2566 quo
424 2484 523 2548 modo
553 2483 657 2550 etiam
686 2480 855 2551 Cartesius
886 2488 1069 2550 stratorum
1096 2488 1205 2547 terrae

185 2595 438 2677 productionem
455 2595 612 2680 explicat.

276 2701 308 2766 2.
332 2701 367 2768 Si
385 2703 421 2767 in
438 2707 544 2768 strato
564 2704 711 2786 quodam
729 2703 867 2768 alterius
884 2704 981 2769 strati
1000 2703 1208 2785 fragmenta,

184 2816 243 2876 aut
280 2810 502 2885 animalium,
535 2810 792 2892 plantarumque
825 2817 938 2893 partes
969 2809 1205 2892 reperiantur,

184 2921 316 2979 certum
339 2922 410 2989 est,
431 2930 499 2978 non
533 2929 603 2978 esse
622 2913 707 2978 illud
726 2913 841 2978 stratis
862 2912 1105 2978 accensendum
1122 2929 1208 2993 quae

182 3022 362 3087 creationis
381 3027 529 3103 tempore
545 3038 566 3084 a
582 3021 692 3102 primo
713 3019 817 3085 tluido
840 3019 1068 3085 subsederunt.

274 3125 304 3192 3.
328 3127 362 3193 si
383 3128 541 3202 instrato
561 3126 708 3207 quodam
723 3125 802 3189 salis
819 3125 941 3189 marini
960 3125 1106 3200 indicia,
1132 3124 1207 3189 ani-

183 3234 325 3300 malium
345 3233 552 3297 marinorum
571 3232 697 3313 spolia,
720 3230 859 3294 navium
873 3229 1028 3305 tabulas,
1051 3234 1083 3294 et
1098 3229 1202 3294 fundo

183 3339 289 3404 maris
311 3339 450 3403 similem
485 3338 707 3403 substantiam
737 3337 1046 3412 observaverimus,
1075 3341 1205 3401 certum

183 3449 254 3518 est,
277 3461 317 3509 eo
357 3444 422 3508 loei
457 3442 638 3524 aliqnando
673 3460 766 3506 mare
802 3442 972 3518 extitisse,
1005 3458 1205 3523 quocunque

182 3558 319 3622 demum
337 3557 436 3621 modo
455 3558 527 3620 sive
542 3554 677 3636 propria
691 3553 931 3629 exundatione,
955 3554 1024 3619 sive
1040 3553 1206 3618 montium

182 3665 389 3729 eructatione
406 3681 446 3727 eo
460 3661 660 3744 pervenerit.

273 3768 305 3832 4.
330 3770 364 3836 si
383 3771 540 3834 instrato
557 3767 703 3849 quodam
719 3768 827 3842 iunci,
841 3767 1016 3848 graminis,
1038 3784 1201 3832 concrum

182 3874 273 3955 pini,
295 3880 493 3940 truncorum
511 3889 703 3954 ramorum,
725 3873 951 3952 similiumque
969 3887 1127 3952 magnam
1144 3889 1204 3936 co-

180 3981 271 4062 piam
290 3979 579 4062 deprehendimus,
603 3978 673 4042 sive
691 3978 916 4061 suspicamur,
930 3975 1079 4041 fluminis
1093 3993 1203 4040 exun-

181 4089 327 4162 datione,
338 4088 393 4152 vel
408 4086 565 4152 torrentis
576 4085 698 4166 illapsu
712 4102 752 4151 eo
771 4085 944 4164 abreptam
960 4083 1062 4149 luisse
1078 4080 1203 4148 dictam

182 4195 369 4259 materiam.
