2752 4792
662 461 706 527 26

178 625 279 691 facile
304 624 441 690 obvium
474 623 553 710 eall
581 628 728 709 adeoque
766 628 921 696 devectas
936 646 975 692 -a
1005 628 1199 694 huminibus

175 727 554 810 tenas‚litt0ribusqne
587 729 762 795 adlunotas
794 731 924 795 indies
952 748 1061 797 novas
1089 737 1199 796 terras

177 833 363 915 relinquere
374 834 474 898 novis
489 834 752 901 habitationibus
774 843 888 918 aptas;
908 837 942 901 ld
959 837 1048 919 qnod
1070 837 1199 902 confir·

176 941 246 1021 mat
269 935 491 1016 Antiquarum
508 937 643 1018 opinio,
664 955 731 1020 qna
746 939 892 1021 integras
907 939 1199 1021 regioneseogno-

177 1041 308 1106 minum
329 1038 512 1105 duriorum
533 1031 873 1118 muneradlxemntt
895 1050 933 1108 ut
947 1047 981 1107 et
993 1040 1201 1124 Graecorum

175 1145 333 1221 traditio,
355 1145 435 1209 dum
458 1136 618 1211 'refemm
652 1146 807 1211 homines
842 1147 965 1215 sensim
988 1165 1009 1213 a
1029 1149 1204 1214 montibus

176 1252 411 1316 descendentes
431 1251 602 1316 maritima
623 1252 697 1316 looa
714 1254 757 1316 oh
775 1252 915 1317 nimiam
936 1254 1197 1328 humiditatem,

175 1356 328 1429 sterilia,
362 1372 514 1421 successu
547 1357 707 1439 temporis
737 1358 909 1423 faecunda,
935 1358 1065 1424 reddita
1102 1359 1201 1422 ineo-

175 1463 285 1527 luisse.
1004 1472 1007 1475 ·

265 1568 367 1634 Sexta
387 1572 498 1631 terrae
514 1567 615 1631 iacies
632 1567 784 1632 sensibus
799 1569 901 1634 obvia
914 1575 982 1644 est3
1002 1587 1071 1651 qua
1090 1569 1201 1635 dietae

172 1671 330 1754 planities
362 1687 528 1752 aquarum
559 1669 736 1753 praecipue
767 1672 922 1747 rosione,
951 1672 1142 1748 interdum,
1165 1678 1199 1738 et

174 1772 518 1858 igniumexustioue,
541 1773 576 1837 in
595 1773 710 1838 varios
724 1775 882 1851 eanales,
905 1777 1028 1852 valles,
1048 1783 1082 1840 et
1100 1792 1201 1858 prae-

171 1878 287 1961 eipitia
299 1877 519 1944 transierunt:
545 1893 607 1940 neo
631 1875 824 1941 mirandum
838 1885 907 1953 est‚'
919 1879 1009 1961 apud
1021 1879 1201 1946 historicos
1319 1879 1330 1898 ”

175 2000 242 2048 nou
264 1984 350 2079 legi,
373 1998 441 2063 qno
462 1989 612 2063 tempore
633 1981 800 2064 quaelibet
833 1975 976 2049 mutatio
996 1974 1198 2065 eontigerit.

171 2089 360 2155 Primorum
382 2089 471 2153 enim
495 2106 516 2151 a
542 2088 672 2154 diluvio
702 2089 891 2154 seculorum
919 2089 1059 2155 confusa
1096 2094 1146 2152 est
1167 2097 1200 2154 et

173 2192 275 2258 dubia
298 2191 440 2256 historia
462 2191 551 2271 apud
569 2190 746 2272 profanos3
768 2191 959 2257 labentibus
975 2209 1057 2259 vero
1079 2193 1204 2258 seoulis

74 2315 82 2324 ·
172 2298 353 2364 illustrium
365 2297 517 2375 virorum
535 2297 639 2370 faeta,
656 2313 724 2360 non
743 2302 859 2363 autern
873 2297 1022 2368 Naturae
1032 2298 1199 2367 miracula

171 2401 370 2466 celebranda
390 2400 452 2463 sor
474 2403 695 2482 sumpserunt.
725 2381 959 2474 mordeamus
981 2401 1201 2467 musanus

172 2510 275 2574 eitata
298 2505 520 2586 scriptoribus
541 2511 759 2571 monumenta
790 2523 928 2581 eornm,
950 2506 1067 2588 quiin
1091 2506 1200 2572 variis

169 2612 253 2676 loeis
273 2611 440 2685 laetarum
457 2609 683 2679 mutationum
702 2609 880 2674 historiam
899 2611 1143 2695 conscripsere;
1165 2618 1200 2678 et

173 2716 254 2780 dum
267 2711 388 2794 reliqui
400 2712 582 2786 Autbores,
591 2730 736 2794 quorum
753 2713 878 2795 seripta
891 2719 1091 2780 conservata
1104 2719 1200 2789 sunt,

171 2819 311 2902 singulis
328 2822 461 2882 tantum
478 2835 546 2881 non
565 2819 661 2881 annis
680 2819 768 2882 inter
788 2823 945 2899 portenta
964 2820 1108 2885 referant
1126 2826 1200 2886 ter-

173 2928 365 2996 raemotus,
385 2936 404 2985 e
425 2921 524 2986 terris
556 2926 766 3002 erumpentes
789 2921 904 3003 ignes,
942 2923 1142 2998 fluminum,
1168 2929 1200 2986 et

172 3030 318 3096 marium
340 3026 603 3102 mundationem
626 3027 723 3094 laeile
745 3033 836 3111 patet
857 3035 1003 3111 quatuor
1024 3029 1117 3097 mille
1136 3047 1201 3094 an·

171 3136 224 3199 nis
239 3134 375 3206 multas,
390 3137 423 3195 et
437 3130 550 3195 varias
566 3132 768 3198 mutationes
786 3133 976 3215 contigisse.
992 3133 1035 3200 Ut
1047 3134 1200 3215 adeoque

172 3239 317 3304 multum
337 3240 448 3300 errent
466 3235 531 3309 illi,
550 3236 607 3315 qui
626 3235 661 3299 in
680 3236 812 3316 seriptis
829 3236 1056 3316 Antiquomm
1074 3235 1200 3300 multos

171 3361 300 3409 errores
326 3345 507 3413 ascusam,
533 3342 623 3421 quod
652 3342 749 3405 varia
776 3341 822 3405 ibi
856 3346 1037 3406 occurrant
1063 3343 1105 3404 ab
1134 3341 1199 3405 ho-

110 3438 113 3446 ’
172 3452 288 3517 dlerna
309 3447 518 3529 Geographia
539 3447 683 3511 dissona.
706 3447 836 3513 Nollem
856 3465 917 3528 ego
940 3446 1099 3511 sabulosis
1125 3448 1200 3510 An-

170 3555 340 3635 tiquorum
362 3551 613 3616 narrationibus
634 3550 731 3616 iaoile
754 3549 855 3615 fidem
878 3549 1055 3622 adbibere;
1083 3549 1142 3612 sed
1165 3553 1199 3612 et

170 3659 277 3724 multa
299 3655 345 3720 ibi
367 3659 572 3731 occurrunt,
606 3655 728 3736 quibus
756 3655 857 3719 tidem
893 3671 960 3718 non
983 3654 1194 3735 denegarem.

172 3764 226 3829 lix
247 3763 383 3829 illorum
405 3761 495 3826 enim
518 3778 638 3842 genere
660 3760 768 3825 multu
786 3759 832 3823 ibi
854 3759 1085 3839 deprehendo,
1111 3774 1199 3839 quo-

172 3870 397 3952 rnmflialsltas
419 3869 549 3950 potius,
583 3885 686 3948 quam
716 3865 841 3932 veritas
875 3866 958 3930 mibi
991 3864 1094 3930 dubia
1128 3880 1201 3930 esse

174 3976 326 4051 videtum
348 3980 387 4038 ut
409 3979 486 4039 sunt
505 3990 598 4038 mare
618 3970 903 4038 Mediterraneum
921 3969 963 4035 ab
981 3965 1121 4034 Oceano
1136 3984 1198 4031 oe-

172 4077 330 4146 eidentali
360 4082 573 4159 separatum
595 4094 614 4139 e
636 4074 725 4139 mari
757 4073 1001 4156 mediterraneo
1034 4073 1069 4135 iu
1104 4088 1197 4147 mare

173 4182 313 4249 rubrum
335 4181 518 4256 transitus;
548 4177 679 4246 insulae
701 4176 883 4248 Atlantidis
902 4175 1111 4250 submerum
1131 4189 1195 4239 va-
