2752 4792
684 451 722 520 ll

186 610 346 680 adversus
366 612 492 679 Oceani
515 613 689 678 saevitiem
712 608 915 687 detendunt,
935 614 1025 693 quod
1046 613 1203 678 oostensa

188 714 349 781 Brasiliae
382 718 495 792 tonia,
527 720 561 780 et
590 715 717 797 'nisime
750 716 850 780 obvia
884 715 1058 796 scopulosa
1088 716 1204 780 littora

187 825 363 886 testantur.
672 859 677 863 -

232 988 236 991 ,
275 923 417 988 Possunt
436 923 603 987 et'aliter,
616 926 747 985 montes
779 920 941 1001 produci,
962 927 1006 986 nt
1037 920 1204 1002 fflmtione

186 1024 335 1108 ignium,
357 1027 509 1101 cineres,
525 1029 565 1088 et
586 1041 669 1088 saxa
682 1041 769 1089 oum
789 1022 970 1104 sulphure,
992 1021 1206 1103 aequatum-

181 1133 271 1196 mine
286 1132 527 1205 eructantium
548 1148 610 1194 neo
627 1145 696 1194 nan
713 1130 932 1210 pluviarum,
942 1134 989 1194 'et
1000 1126 1204 1194 torrentium

184 1237 331 1318 inpetu;
354 1242 428 1316 quo'
443 1241 552 1300 strata
572 1250 674 1298 saxea
696 1232 841 1306 caloris,
862 1236 897 1295 et
918 1230 1052 1313 frigoris
1072 1229 1207 1298 vicissi-

183 1341 356 1407 tudinibus
368 1342 438 1405 iam
452 1347 525 1405 tum
539 1341 609 1404 lixa
620 1339 657 1402 in
670 1355 829 1420 praeceps
842 1338 1083 1411 devolvuntur:
1099 1341 1207 1407 sueta

182 1463 262 1510 vero
281 1451 407 1520 terrea,
424 1444 555 1526 magnis
569 1443 744 1508 ardoribus
757 1443 863 1510 rimas
876 1443 1025 1524 agentia,
1037 1441 1073 1505 in
1088 1441 1202 1506 varias

183 1554 293 1629 partes
316 1547 556 1613 resolvuntur:
579 1547 669 1614 unde
691 1551 783 1627 patet
812 1545 881 1614 duo
900 1561 971 1610 esse
992 1561 1125 1631 summa
1146 1561 1205 1625 ge·

180 1671 262 1717 nera
283 1653 470 1727 montium,
492 1653 718 1734 colliumque;
751 1652 919 1733 primum,
939 1668 1083 1724 eorum,
1112 1651 1204 1732 quod

179 1777 199 1821 e
225 1759 338 1822 stratis
351 1757 564 1837 componitur
578 1800 586 1830 ,
601 1773 747 1836 quorum
761 1755 861 1819 binae
876 1755 1001 1836 species
1013 1758 1108 1830 sunt,
1123 1754 1206 1821 dum

182 1863 432 1944 in.·quil›usdam
447 1867 554 1927 strata
572 1879 689 1936 saxea,
707 1862 743 1925 in
759 1861 834 1925 aliis
849 1868 959 1926 terrea
973 1865 1079 1925 sunta
1096 1861 1204 1924 abun-

180 1967 283 2042 dante
304 1968 448 2031 alterum
471 1983 596 2048 genus,
618 1982 736 2028 eorum
757 1969 828 2038 est,
856 1964 916 2044 qui
947 1981 991 2026 ex
1012 1966 1202 2029 stratorum

180 2073 397 2156 fragmentis,
419 2077 452 2135 et
475 2073 604 2137 abrasis
626 2070 778 2151 partibus
795 2069 954 2143 condrse,
976 2075 1009 2134 et
1031 2068 1124 2134 nullo
1147 2085 1205 2132 or·

179 2179 255 2243 dine
268 2184 471 2259 exsurgunt.
493 2177 608 2242 Facile
624 2176 707 2240 hinc
731 2174 861 2240 ostendi
883 2182 1003 2256 posset.
1114 2235 1118 2242 .

214 2325 217 2329 ,
271 2282 300 2346 1.
314 2281 457 2347 ,Montes
477 2298 593 2347 omnes
614 2280 793 2345 hodiernos
817 2295 885 2344 non
907 2280 1057 2345 extitisse
1072 2279 1204 2360 aprlu-¹

181 2389 269 2469 cipio
294 2405 418 2453 rerum.
491 2444 494 2448 ,
631 2465 635 2469 v
1091 2452 1093 2457 ,
1167 2439 1196 2465 .‚

262 2491 302 2571 2.
324 2491 459 2558 Nullam
482 2507 553 2555 esse
575 2490 739 2556 montium
761 2491 1013 2572 vegetationem.
1085 2531 1088 2539 ·
1132 2529 1160 2564 ⁴·

255 2597 302 2678 Δ3.
326 2598 415 2664 Saxa
431 2596 597 2661 montium
613 2613 692 2661 cum
710 2596 840 2669 ossibus
846 2596 1052 2669 animalium
1071 2600 1202 2677 praeter

179 2701 360 2783 quamdam
371 2700 507 2765 duritiei
519 2699 772 2766 similitudinem
782 2699 1060 2774 nihilcommune
1070 2699 1204 2777 nauem,

178 2821 256 2869 cum
277 2804 365 2867 inter
386 2821 421 2868 se
443 2819 505 2866 nec
529 2803 689 2876 materia,
722 2819 793 2875 nec
812 2802 915 2881 modo
946 2801 1197 2886 productionis,

180 2927 241 2973 nec
264 2909 412 2983 fabrica,
435 2928 495 2973 nec
519 2927 585 2975 usu
606 2908 982 2984 conveniant3sialias
999 2910 1040 2974 de
1057 2926 1094 2982 re
1117 2908 1200 2974 adeo
1323 2992 1327 2997 .

179 3028 297 3094 parum
319 3013 477 3094 cognita,
498 3018 536 3078 ut
558 3018 636 3078 sunt
658 3029 771 3076 rerum
794 3029 897 3087 usus,
918 3012 1200 3099 quicquampnq·

180 3120 337 3185 nuntiare
359 3119 484 3184 liceret.
768 3146 771 3151 ·
809 3187 812 3191 ,
866 3177 870 3183 .
947 3172 952 3179 ,
1073 3172 1105 3185 ,,

229 3265 233 3273 -
267 3221 299 3284 l.
323 3220 472 3296 Coronas
494 3225 681 3297 montium,
703 3221 757 3286 vel
779 3228 937 3298 catenas,
966 3229 1086 3305 prout
1108 3224 1200 3306 loqui

181 3333 296 3393 amant
310 3329 495 3403 nonnulli,
517 3325 833 3403 seeundumoertas
866 3333 974 3397 terrae
995 3329 1111 3411 plagas
1146 3327 1201 3393 di·

180 3435 311 3504 rectas,
331 3447 394 3493 nec
419 3430 542 3499 rationi
564 3449 627 3496 nec
648 3430 872 3514 experientiae
894 3430 1102 3516 respondere.
1159 3477 1175 3507 ,ἱ

231 3593 235 3599 ,
267 3533 299 3598 5.
321 3527 548 3612 Posseev'erti
570 3542 720 3615 montes,
746 3535 920 3601 transferri
943 3553 1041 3618 agros
1061 3554 1105 3600 ex
1126 3553 1197 3603 uno

178 3636 281 3701 latere
303 3637 338 3701 in
357 3637 501 3702 alterum
518 3655 576 3720 per
592 3639 737 3703 mediam
754 3638 1044 3721 rempublicam
1062 3639 1199 3728 elevari,

178 3745 211 3804 et
234 3740 377 3822 deprimi
397 3728 576 3826 cacumina
607 3735 794 3819 montium
829 3745 952 3826 aperiri
984 3751 1111 3832 terras,
1130 3746 1199 3835 ite-

175 3863 316 3929 rumque
337 3847 470 3924 claudi;
493 3854 527 3912 et
550 3850 584 3913 id
607 3850 752 3933 generis<
770 3851 838 3915 alia
866 3852 1093 3943 contingere,
1111 3869 1197 3937 quae

177 3952 212 4014 in
233 3953 451 4019 historiarum
465 3955 608 4020 lectione
627 3974 687 4038 pro
706 3957 828 4023 tabulis
841 3956 980 4038 habent,
994 3959 1053 4040 qui
1070 3958 1198 4024 creduli

180 4074 300 4123 nomen
323 4060 450 4125 evilure
478 4062 621 4127 student.
